3364 5156
593 319 878 383 —181—

131 492 238 557 Jesum
251 490 356 573 ipsum
370 487 606 572 baptizantem,
628 495 661 557 et
675 489 812 572 denique
827 495 938 557 namet
954 489 1090 572 Christi,
1110 494 1148 555 ut
1161 494 1349 571 tentaretur,

129 578 159 643 in
173 576 376 644 solitudinem
391 575 577 642 discessum.

209 663 285 745 Ipsa
298 662 433 728 historia
448 661 534 729 vitae
549 662 570 726 J
572 680 629 727 esu
643 660 791 744 publicae
806 679 824 726 e
839 661 965 727 duabus
987 666 1114 727 constat
1132 660 1294 743 partibus;
1317 659 1350 725 in

128 752 218 834 parte
230 748 335 830 primi
350 747 529 813 delineatur
543 748 691 813 activitas
705 747 726 812 J
728 765 785 812 esu
799 746 832 811 in
848 747 992 814 Galilaea
1007 748 1048 813 ab
1064 766 1102 812 eo
1116 752 1270 829 tempore,
1286 764 1350 827 quo

128 835 264 900 loannes
278 834 314 898 B.
329 833 362 898 in
378 852 538 900 carcerem
554 839 624 900 erat
640 834 815 915 conjectus,
837 851 939 915 usque
954 835 996 898 ad
1011 834 1188 898 discessum
1203 832 1351 897 ultimum

128 919 301 986 eGalilaea
316 938 336 984 a
353 921 380 999 1,
399 919 510 983 14-9.
526 918 595 999 fin.;
620 919 654 983 in
675 923 769 1000 parte
789 920 929 984 secunda
951 918 1088 985 refertur
1107 919 1255 983 ultimum
1270 918 1350 982 Jesu

127 1007 186 1070 iter
211 1006 243 1069 in
266 1005 425 1070 iudaeam
452 1009 484 1070 et
504 1003 774 1086 Hierosolymam,
808 1005 850 1070 ab
877 1024 914 1069 eo
940 1004 1059 1070 ibidem
1085 1005 1171 1069 dicta
1196 1011 1229 1068 et
1253 1002 1349 1084 facta,

128 1109 242 1156 coenae
257 1090 416 1173 paschalis
432 1090 620 1171 celebratio,
645 1089 830 1172 captivitas,
851 1091 976 1172 passio,
999 1108 1085 1156 mors
1101 1095 1134 1156 et
1148 1089 1349 1169 resurrectio,

127 1176 342 1257 apparitiones
365 1177 523 1258 quaedam
544 1175 677 1241 redivivi
695 1175 839 1256 Domini,
865 1181 1038 1259 praecepta
1059 1175 1173 1241 ultima
1187 1175 1350 1256 Apostolis

127 1263 201 1327 data
218 1266 253 1326 et
267 1261 422 1326 assumtio
436 1262 469 1326 in
485 1261 591 1327 coelos
606 1279 626 1326 a
641 1262 692 1341 10,
709 1260 822 1342 1—-16,
837 1262 888 1325 20.

206 1348 236 1412 3.
267 1347 305 1410 In
329 1346 462 1430 singulis
481 1346 575 1412 factis
597 1345 825 1429 conjungendis
848 1347 977 1412 Marcus
996 1347 1135 1411 ordzhem
1159 1344 1349 1430 chronologi-

125 1457 190 1496 cam
207 1435 387 1496 occur-nala
403 1433 557 1516 requitur,
584 1451 680 1514 quam
696 1433 897 1514 Matthaeus,
923 1433 1061 1514 ideoque
1075 1432 1208 1514 propius
1227 1431 1351 1496 accedit

125 1519 164 1582 ad
179 1517 314 1597 Lucam3
336 1518 369 1582 in
391 1518 676 1583 commemorandis
697 1524 805 1583 autem
825 1518 983 1584 factorum
1003 1519 1163 1601 adjunctis
1184 1517 1265 1582 adeo
1280 1516 1351 1581 dili-

125 1621 200 1686 gens
219 1603 397 1684 invenitur,
420 1609 458 1668 ut
479 1624 541 1670 non
562 1603 666 1669 solum
681 1604 898 1684 Matthaeum,
924 1607 1099 1687 sedsaepe
1121 1605 1217 1668 etiam
1232 1604 1352 1668 Lucam

125 1694 254 1770 superet
277 1687 347 1770 (cfr.
368 1708 396 1753 v.
419 1709 449 1771 g.
472 1708 544 1755 cum
558 1690 636 1755 locis
651 1690 812 1771 parallelis
829 1691 887 1754 Mr.
903 1690 938 1771 5,
957 1692 983 1754 1.
1000 1708 1088 1772 seqq.
1105 1689 1351 1770 descriptionem

126 1774 321 1840 daemoniaci
335 1774 511 1856 Gadareni,
528 1775 670 1840 mulieris
686 1774 849 1856 sanguinis
863 1775 1018 1856 profluvio
1034 1775 1225 1854 laborantis3
1249 1775 1284 1854 9,
1301 1774 1349 1836 14.

126 1878 209 1942 seqq.
225 1860 425 1926 sanationem
439 1861 532 1942 pueri
547 1861 708 1943 lunatici);
724 1866 892 1942 praetcrea
908 1861 1172 1928 determinatione
1184 1859 1348 1941 temporis,

125 1946 183 2010 loci
198 1950 231 2011 et
245 1963 470 2052 personarum,
491 1965 552 2011 usu
568 1947 721 2027 temporis
736 1947 916 2028 praesentis
930 1947 1000 2013 loco
1015 1945 1182 2028 praeteriti
1198 1951 1230 2010 et
1250 1944 1350 2026 parti-

127 2031 213 2097 culae
227 2029 372 2111 ευθέως,
394 2051 459 2113 qua
473 2033 516 2097 ad
531 2032 698 2114 sequentia
712 2031 749 2097 fit
763 2033 933 2114 transitus,
949 2032 1148 2098 narrationes
1164 2031 1265 2096 Marci
1280 2034 1350 2094 tan-

126 2121 189 2181 tam
203 2122 450 2198 repraesentant
465 2117 664 2183 vividitatem
680 2123 713 2183 et
727 2119 808 2183 adeo
824 2118 910 2184 clare
923 2118 1009 2185 facta
1023 2137 1103 2200 prae
1118 2116 1217 2183 oculis
1228 2135 1350 2198 ponun-

128 2208 187 2284 tur,
201 2202 271 2269 acsi
287 2220 307 2266 a
321 2207 406 2269 teste
420 2203 605 2270 immediato
621 2209 730 2270 essent
744 2204 855 2270 relata.

676 2422 706 2506 ξ.
724 2424 795 2490 123.

252 2557 302 2610 De
314 2559 475 2621 evangelii
487 2559 592 2612 Marci
604 2551 716 2623 lingua
728 2559 880 2624 originali
894 2562 926 2612 et
938 2561 977 2612 de
992 2561 1060 2623 ejus
1073 2561 1225 2613 dictione.

207 2713 238 2778 A
257 2730 283 2778 s.
295 2714 405 2780 Marco
423 2695 622 2798 evangelium
630 2738 744 2865 {raeco
759 2717 914 2798 scriptum
929 2713 1009 2800 esse,
1023 2717 1056 2781 in
1071 2715 1204 2798 antiqua
1220 2714 1354 2782 ecclesia

126 2801 204 2866 adeo
220 2804 345 2867 certum
361 2806 439 2882 erat,
454 2806 492 2866 ut
506 2820 598 2866 nemo
614 2820 633 2866 a
648 2801 709 2866 'am
726 2801 794 2883 ejus
809 2801 951 2883 linguam
966 2801 1152 2885 originalem
1165 2821 1353 2868 commemo-

126 2891 220 2952 raret.
260 2885 314 2952 Sic
328 2885 462 2968 Papias,
478 2905 503 2952 s.
519 2888 686 2968 Irenaeus,
702 2887 872 2970 Origenes,
887 2887 1022 2967 Euseb,
1045 2886 1181 2969 Oyrillus
1196 2887 1311 2952 hieros.
1328 2905 1352 2951 s.

125 2971 339 3053 Epiphanius,
366 2973 442 3036 dum
463 2973 588 3037 nonnisi
603 2973 803 3039 Matthaeum
823 2972 973 3038 hebraice
994 2973 1162 3054 scripsisse
1181 2977 1352 3052 testantur,

126 3057 257 3140 rehquis
274 3057 477 3140 evangelistis
491 3057 632 3140 linguam
654 3077 803 3141 graecam
823 3058 979 3124 indirecte
999 3058 1176 3138 vindicant,
1199 3076 1222 3122 s.
1239 3058 1352 3123 Hiero-

126 3161 205 3224 nym.
221 3162 300 3208 vero
319 3147 352 3208 ct
372 3162 396 3208 s.
411 3143 610 3226 Augustinus
632 3143 717 3210 idem
737 3144 859 3229 directe
882 3144 1039 3210 edicunt1
1084 3144 1204 3210 Seriori
1225 3144 1352 3208 demum

126 3234 271 3309 tempore
287 3234 383 3294 enata
398 3233 449 3294 est
463 3230 621 3295 sententia
637 3234 670 3296 et
683 3249 742 3312 per
756 3231 930 3297 Baronium
945 3230 1071 3312 (Annal.
1088 3249 1150 3296 ecc.
1165 3231 1208 3294 ad
1219 3249 1289 3294 ann.
1301 3230 1352 3294 45.

127 3333 155 3377 n.
176 3315 226 3380 37.
251 3314 355 3396 seqq.)
378 3315 522 3396 aliosque
543 3322 746 3400 propugnata
766 3317 807 3382 de
828 3316 937 3400 lingua
960 3316 1107 3400 originali
1127 3316 1228 3381 Marci
1252 3314 1353 3380 latina

130 3399 337 3482 sequentibus
352 3400 546 3466 rationibus:
1291 3453 1294 3459 .
1386 3476 1389 3482 ‚

210 3487 239 3550 1.
270 3485 470 3567 Subscriptio
491 3487 647 3552 versionis
662 3487 821 3568 Peschito,
837 3487 1082 3554 Philoxenianae
1099 3493 1132 3552 et
1145 3487 1286 3568 plurium
1302 3505 1353 3552 co-

128 3570 232 3636 dicum
257 3589 445 3653 graecorum
466 3573 664 3655 evangelium
688 3573 749 3660 hoc
762 3575 891 3639 ·Romae
915 3575 1014 3640 latine
1040 3574 1255 3654 conscriptum
1281 3592 1353 3640 esse

127 3660 282 3736 testatur3
298 3658 386 3738 quod
401 3656 566 3724 confirmat
610 3733 612 3738 ,

211 3743 241 3806 2.
270 3743 476 3825 antiquorum
510 3744 658 3826 traditio,
696 3762 779 3826 quae
813 3745 958 3811 Marcum
987 3743 1077 3810 Petri
1112 3744 1353 3813 hermeneutam
1395 3789 1397 3793 .

129 3827 285 3908 nominat3

211 3915 241 3978 3.
270 3913 422 3980 Romanis
437 3915 609 3981 lectoribus
625 3915 820 3996 christianis,
848 3915 964 3998 quibus
978 3916 1039 3981 hoc
1061 3916 1260 3999 evangeHum
1280 3935 1353 3998 pro·

129 3996 210 4065 xime
225 3998 430 4080 destinatum,
445 3999 554 4084 lingua
568 4001 668 4068 latina
681 4002 853 4067 vernacula
868 4007 953 4082 erat;

211 4085 241 4150 4.
271 4087 370 4151 codex
386 4086 528 4152 Venetus
551 4093 584 4153 et
604 4086 818 4170 fragmentum
833 4088 1012 4170 Pragense,
1039 4107 1063 4153 s.
1079 4088 1181 4154 Marci
1202 4094 1352 4169 autogra-

130 4168 236 4253 phum,
252 4171 350 4262 latine
365 4173 486 4253 scripta
501 4178 591 4240 sunt..

199 4344 208 4375 ¹
226 4339 253 4395 S.
272 4341 373 4395 Hieron
419 4381 426 4394 .
444 4340 473 4394 in
489 4340 574 4408 praef.
591 4340 626 4396 ad
642 4340 728 4396 4cvv.
740 4340 775 4394 ad
787 4341 934 4396 Damasum
947 4343 989 4399 P.:
1013 4344 1070 4409 „De
1089 4357 1156 4397 novo
1173 4356 1244 4395 nunc
1261 4339 1354 4408 loquor

132 4408 296 4475 mstamento,
318 4424 369 4477 qno
405 4423 531 4478 graecum
547 4425 606 4464 esse
618 4425 672 4463 non
683 4410 793 4463 dubium
805 4417 854 4475 est,
876 4418 988 4482 excepto
1000 4411 1138 4465 Matthaeo
1149 4408 1286 4480 Apostolo,
1307 4409 1352 4477 qui

133 4473 243 4538 primum
254 4478 282 4531 in
293 4478 398 4533 Judaea
409 4478 575 4547 evangelium
588 4478 689 4533 Christi
699 4479 831 4534 hebraicis
844 4478 929 4534 literis
942 4481 1050 4535 edidit.“

180 4610 186 4622 ι
214 4545 239 4601 S.
252 4547 322 4616 Aug.
335 4546 368 4601 do
383 4561 454 4602 cons.
467 4547 619 4616 evangelxl.
632 4547 669 4602 4.:
694 4547 812 4614 „Horum
830 4563 893 4602 sane
909 4555 1024 4618 quatuor
1041 4547 1114 4603 solus
1132 4547 1287 4604 Matthaeus
1304 4547 1351 4604 he·

133 4605 219 4668 brusco
230 4615 369 4684 scripsisse
380 4615 537 4685 perhibetur
547 4615 659 4685 eloquio,
676 4617 759 4671 ceteri
770 4624 892 4687 gracco.“
