3428 5180
792 275 1075 340 ,466-

337 435 343 448 χ
409 450 560 516 Ceterum
575 448 676 528 Titus,
699 465 771 512 cum
784 447 869 512 inter
883 445 1015 510 comites
1030 443 1123 510 Pauli
1139 463 1156 508 e
1172 443 1310 509 Graecia
1324 462 1383 526 per
1397 444 1545 508 Macedo-

320 537 407 601 niam
422 536 549 600 reducis
563 553 625 599 uon
640 533 820 598 nominetur
835 531 919 611 (Act.
935 532 986 610 20,
1004 530 1120 611 1-4.),
1136 547 1240 610 neque
1256 528 1401 594 Corinthi
1416 529 1545 594 relictus

321 619 650 773 1011101ἓέᾟῶΑέοἓἒὲἒὲ
669 638 707 684 ex
726 618 788 684 hac
806 617 888 682 urbe
907 616 1092 682 discedente
1106 614 1319 697 probabiliter
1333 633 1483 680 reversus
1499 621 1546 680 001

638 924 674 1025 5)
702 922 764 998 Ad
782 922 985 999 Corinthios
1003 921 1052 996 H.
1076 921 1236 1017 epistola.

877 1093 905 1174 s.
924 1094 994 1158 114.

642 1230 774 1282 Occasio
787 1233 819 1280 et
831 1242 945 1292 scopus
956 1230 1052 1291 11111110
1069 1228 1233 1290 epistolae.

408 1385 517 1450 Prima
525 1383 618 1447 Pauli
634 1382 770 1464 epistola
784 1402 804 1447 a
818 1382 912 1464 longe
926 1383 1040 1463 majori
1049 1381 1303 1447 Christianorum
1313 1379 1550 1446 Corinthiorum

323 1476 418 1553 parte
432 1471 553 1550 optime
568 1474 638 1533 erat
654 1472 787 1549 excepta
802 1487 939 1549 eumque
953 1468 1067 1533 habuit
1082 1466 1245 1546 effectum,
1267 1471 1304 1530 ut
1324 1466 1474 1530 voluntas
1496 1465 1551 1529 ad·

325 1561 420 1635 esset,
435 1555 514 1618 vitia
528 1558 561 1618 01
576 1553 705 1633 abusus,
727 1573 808 1635 quos
822 1553 997 1636 Apostolus
1013 1553 1155 1619 severius
1170 1551 1431 1632 reprehenderat,
1454 1550 1552 1616 corri-

323 1641 420 1723 gendi
435 1646 468 1706 01
482 1639 678 1718 eliminandi;
692 1639 893 1705 incestuosus
909 1639 1128 1705 communione
1142 1638 1288 1718 privatus
1304 1642 1374 1701 erat
1390 1635 1434 1716 (2,
1448 1636 1504 1717 6.),
1520 1640 1551 1700 01

326 1725 563 1792 Corinthiorum
585 1724 678 1789 multi
698 1743 900 1806 summopere
919 1724 1086 1803 dolebant,
1109 1723 1197 1804 quod
1211 1721 1367 1803 Apostolo
1381 1733 1552 1802 parassent

324 1812 476 1890 dolorem,
493 1829 565 1875 eum
581 1814 691 1875 contra
706 1810 853 1876 residuos
867 1811 973 1876 adhuc
983 1809 1186 1874 adversarios
1198 1807 1422 1886 defendebant,
1439 1812 1473 1871 et
1481 1806 1553 1870 Tito

325 1896 574 1962 sincerissimum
594 1915 735 1960 amorem
758 1914 852 1960 suum
873 1895 1127 1977 obsequiumque
1150 1913 1227 1976 erga
1241 1893 1433 1974 Apostolum
1453 1891 1553 1956 mani-

325 1981 487 2048 festabant
502 1980 546 2060 (7,
564 1981 591 2044 7.
608 1982 720 2062 seqq).

412 2068 563 2132 Attamen
577 2067 721 2146 priorum
735 2066 909 2131 factionum
924 2065 1046 2146 capita,
1070 2071 1103 2129 01
1117 2065 1201 2129 11101
1214 2064 1294 2128 haec
1308 2061 1483 2144 praecipue
1500 2061 1554 2126 do·

326 2159 433 2218 otores
450 2152 613 2233 judaistae
634 2152 800 2216 conamina
822 2170 881 2215 0110
902 2151 1042 2233 maligna
1064 2151 1219 2214 adversus
1240 2148 1432 2229 Apostolum
1456 2147 1555 2212 conti-

326 2238 471 2302 nuabant
486 2235 551 2316 (ll,
566 2238 596 2300 4.
621 2238 670 2316 12,
688 2238 736 2300 11.
762 2237 811 2315 13,
827 2237 902 2318 22),
918 2242 951 2301 01
967 2255 1005 2301 ex
1019 2236 1090 2316 ipsa
1106 2237 1174 2316 eJ'us
1190 2233 1326 2314 epistola
1342 2231 1555 2298 calumniandi

328 2321 519 2403 repetebant
533 2340 637 2386 ausas.
667 2322 787 2386 Paulus
796 2321 879 2402 (coll.
895 2322 936 2385 II.
947 2320 1018 2386 Cor.
1033 2322 1061 2400 1,
1074 2321 1123 2385 15.
1143 2320 1204 2401 16.)
1214 2319 1313 2400 prius,
1329 2317 1555 2400 proculdubio

327 2409 361 2473 in
377 2407 513 2488 epistola
528 2405 710 2486 deperdita,
734 2407 935 2487 propositum
951 2425 1044 2470 suum
1059 2404 1335 2483 manifestaverat,
1357 2403 1488 2483 Epheso
1504 2421 1556 2466 ve-

328 2493 436 2558 niendi
452 2491 648 2570 Corinthum,
663 2491 738 2556 inde
753 2491 784 2555 in
801 2492 1021 2556 Macedoniam
1035 2489 1256 2572 proficiscendi
1271 2493 1305 2555 et
1319 2489 1361 2553 ad
1374 2487 1556 2553 Corinthios

329 2577 520 2642 revertendi.
567 2576 648 2640 Cum
659 2577 725 2657 Jam
741 2577 918 2642 adversarii
932 2577 965 2641 in
980 2577 1004 2640 1.
1022 2575 1093 2641 Cor.
1111 2577 1160 2655 16,
1175 2576 1205 2640 5.
1222 2576 1251 2639 6.
1270 2573 1394 2638 itineris
1410 2572 1556 2653 proposi·

330 2669 400 2728 tum
415 2667 574 2725 mutatum
590 2667 622 2726 01
636 2662 809 2726 adventum
825 2661 969 2727 Corinthi
983 2662 1162 2726 invenirent
1182 2661 1330 2724 dilatum:
1354 2677 1427 2724 eum
1449 2657 1557 2722 incon-

330 2747 469 2813 stantiae
491 2752 589 2828 atque
611 2747 708 2811 animi
730 2747 870 2812 levitatis
893 2745 1087 2829 arguebant,
1116 2752 1217 2827 utque
1239 2745 1466 2809 auctoritatem
1488 2743 1557 2824 ejus

329 2832 546 2914 infringerent,
564 2851 601 2896 011
616 2833 676 2897 hac
692 2833 721 2898 ei
737 2833 930 2914 exprobrata
943 2832 1157 2896 inconstantia
1170 2831 1204 2895 in
1218 2830 1393 2911 propositis
1405 2829 1506 2893 etiam
1517 2827 1558 2892 ad
1574 2883 1575 2886 ,

329 2917 575 2984 inconstantiam
590 2919 622 2981 in
638 2918 783 2983 doctrina
798 2918 1030 2983 concludebant
1045 2916 1100 2996 (ΙΙ.
1110 2916 1181 2981 Cor.
1199 2917 1226 2994 1,
1246 2917 1292 2979 17.
1309 2915 1422 2996 seqq).
1451 2914 1557 2990 Quum

328 3003 503 3085 Apostolus
519 3021 610 3067 suam
625 3003 760 3067 docendi
775 3003 955 3085 agendique
969 3003 1126 3068 rationem
1147 3007 1258 3065 contra
1278 2999 1481 3064 adversarios
1502 2998 1555 3062 de-

328 3088 459 3154 fendere
484 3088 701 3152 necessarium
726 3089 878 3167 duxisset,
905 3089 988 3152 hanc
1014 3089 1082 3168 eJus
1108 3086 1288 3167 apologiam
1310 3103 1411 3149 vanae
1433 3084 1555 3164 gloriae

330 3175 473 3254 studium
489 3179 522 3238 et
536 3172 649 3237 laudes
664 3173 961 3254 propriascanendi
976 3178 1125 3237 conatum
1140 3171 1347 3237 declarabant
1362 3170 1417 3249 (ll.
1433 3170 1464 3248 2,
1484 3173 1510 3232 l.
1525 3169 1555 3247 5,

332 3261 381 3324 12.
398 3277 486 3340 seqq.
511 3258 561 3337 10,
579 3258 627 3320 12.
652 3259 701 3337 11,
719 3259 768 3321 16.
783 3277 872 3339 seqq.
897 3259 945 3337 12,
964 3256 1014 3339 1.).
1046 3257 1126 3322 Cum
1140 3276 1237 3338 porro
1251 3255 1387 3336 epistola
1401 3255 1492 3335 prior
1506 3253 1557 3317 hic

330 3345 376 3409 ibi
400 3344 541 3409 00101101
562 3347 649 3407 00001
669 3350 702 3408 01
721 3344 824 3408 minas
844 3345 1021 3408 contineret
1037 3342 1080 3422 (4,
1096 3343 1180 3424 21),
1203 3342 1337 3407 eandem
1353 3359 1424 3406 cum
1440 3337 1556 3420 agendi

330 3430 454 3494 ratione
469 3428 616 3510 Apostoli
630 3429 811 3508 praesentis
827 3435 1049 3509 comparantes
1064 3427 1227 3492 dicebant:
1252 3446 1324 3491 eum
1347 3445 1364 3490 0
1383 3425 1555 3505 longinquo

331 3516 461 3596 quidem
481 3533 592 3579 001010
611 3513 700 3594 loqui
720 3519 752 3578 et
767 3514 860 3578 minis
875 3534 938 3579 non
951 3531 1100 3594 parcere,
1123 3532 1186 3577 non
1201 3531 1276 3577 1010
1291 3513 1339 3575 110
1354 3510 1511 3574 audacem
1527 3513 1559 3572 et

331 3619 477 3681 gravem,
500 3600 557 3663 sed
570 3599 678 3680 potius
692 3598 882 3665 imbecillem
898 3605 932 3664 01
945 3599 1093 3662 timidum
1108 3617 1143 3663 00
1158 3616 1287 3679 gerere,
1311 3597 1388 3659 dum
1403 3610 1557 3675 praesens

333 3685 375 3748 sit
390 3683 444 3762 (ΙΙ.
462 3687 511 3762 10,
528 3686 556 3747 1.
573 3684 685 3765 seqq).
715 3684 889 3766 Apostolus
903 3685 971 3748 inl.
982 3683 1052 3748 Cor.
1069 3684 1099 3762 9,
1116 3683 1251 3748 15—18.
1267 3682 1402 3763 gloriam
1418 3698 1510 3744 suam
1526 3682 1557 3742 et

332 3769 481 3832 meritum
503 3769 534 3831 in
557 3787 595 3833 eo
617 3771 773 3850 reposuit,
798 3771 884 3851 quod
907 3769 1105 3850 evangelium
1128 3769 1230 3849 gratis
1251 3767 1471 3848 praedicaret;
1491 3765 1559 3844 jam

331 3872 408 3918 1010
424 3853 600 3917 adversarii
615 3855 644 3918 ei
660 3854 901 3934 exprobrarunt,
925 3854 1012 3935 quod
1027 3873 1088 3917 uon
1104 3854 1226 3918 directe
1241 3852 1379 3933 quidem,
1402 3850 1557 3914 indirecte

332 3945 442 4004 autem
457 3957 516 4018 per
531 3939 663 4003 comites
679 3957 754 4003 suos
770 3945 803 4004 et
817 3941 948 4004 nuncios
964 3939 1037 4004 dolo
1053 3939 1227 4002 commodis
1243 3939 1309 4002 suis
1325 3935 1515 4002 consuleret.

417 4024 467 4089 De
493 4023 542 4087 his
565 4023 710 4088 omnibus
732 4043 757 4088 0.
780 4025 900 4089 Paulus
923 4025 1039 4089 certior
1060 4022 1165 4088 factus
1188 4028 1239 4088 est
1261 4023 1293 4086 in
1315 4022 1443 4099 itinere,
1472 4016 1557 4099 quod

333 4110 462 4192 Epheso
478 4109 590 4190 pulsus
606 4127 664 4188 per
679 4110 899 4175 Macedoniam
915 4109 1069 4189 suscepit,
1094 4113 1127 4173 et
1142 4109 1271 4188 quidem
1285 4126 1344 4187 per
1363 4106 1480 4184 Titum,
1503 4101 1557 4183 qui

270 4215 278 4230 ·
334 4195 486 4261 Corintho
501 4199 642 4272 venerat,
659 4201 691 4258 et
707 4200 827 4259 statum
843 4195 995 4260 ecclesiae
1006 4201 1105 4273 atque
1117 4193 1271 4274 epistolae
1281 4191 1398 4272 prioris
1410 4189 1557 4254 effectum

333 4281 515 4346 accuratius
531 4287 732 4361 cognoverat.
777 4280 949 4362 Hoecjam
968 4281 1086 4342 oauoct'o
1100 4278 1247 4362 Apostolo
1262 4278 1452 4340 occasionem
1463 4295 1556 4358 proe-

333 4366 464 4430 duerunt
484 4366 668 4428 emerendae
689 4365 842 4428 secandae
864 4365 953 4448 bajus
979 4362 1025 4426 ad
1047 4363 1222 4427 Corththtcs
1243 4361 1393 4446 apostolae
1415 4357 1557 4439 (proprie

333 4452 473 4531 tertiae).
504 4449 718 4516 Praevidebat
732 4449 889 4529 nimirum,
904 4448 1068 4513 molestias
1079 4454 1148 4513 tum
1159 4447 1362 4524 adversariis,
1378 4451 1447 4510 tum
1460 4441 1556 4509 eccle-

335 4535 403 4600 siae
426 4537 571 4610 crituras,
586 4553 657 4600 esse
679 4534 899 4616 gravissimas,
925 4533 953 4598 si
967 4533 1077 4597 statim
1091 4532 1215 4598 veniret
1231 4532 1432 4609 Corinthum,
1456 4535 1489 4595 01
1503 4529 1557 4592 de-
