3314 5166
123 508 221 585 liceat,
243 506 275 570 in
296 506 345 570 his
360 507 532 587 provinciis
546 507 725 572 versionem
739 506 897 587 persicam
908 506 976 586 jam
991 511 1118 570 mature
1133 525 1204 571 esse
1220 513 1334 573 ortam.

122 593 160 656 Et
171 609 278 656 revera
294 610 317 656 s.
336 590 581 673 Chrysostomus
597 591 717 672 (homil.
732 593 761 654 2.
776 591 809 655 in
824 591 845 655 J
847 591 994 672 oannem)
1010 592 1166 673 ejusmodi
1180 593 1335 657 versionis

122 677 190 742 lacit
202 677 408 757 mentionem,
425 696 509 759 quae
524 681 630 741 autem
647 677 690 741 ad
704 695 762 741 nos
777 696 839 741 non
854 677 1008 757 pervenit.
1053 676 1225 742 Versiones
1240 696 1335 742 evan-

123 762 264 844 gehorum
279 763 440 843 persicae,
463 781 547 844 quae
562 763 666 826 adhuc
681 766 810 842 praesto
827 769 913 839 sunt,
931 774 1004 845 post
1017 761 1148 826 Paratae
1162 766 1335 846 occupatio-

123 871 180 909 nem
194 866 251 929 per
264 848 389 912 Arabes
405 848 533 913 demum
548 853 639 912 ortae
654 854 759 924 erant;
775 865 849 910 nam
860 846 969 927 hngua
979 848 1104 927 persica
1117 852 1166 912 est
1178 849 1336 914 recentior

123 951 184 996 cnm
198 933 328 997 vocibus
343 933 604 1011 arabicismixta,
621 938 654 997 et
668 932 833 998 literarum
849 932 1050 996 characteres
1066 937 1141 996 sunt
1155 933 1285 998 arabici.
1348 996 1350 1000 .

198 1016 348 1082 Confecta
363 1022 413 1083 est
427 1019 507 1083 haec
522 1019 636 1098 versio,
652 1037 735 1099 quae
749 1018 782 1081 in
796 1017 982 1098 polyglottis
992 1017 1246 1082 Londinensibus
1263 1038 1335 1083 con-

121 1104 245 1182 tinetur,
262 1123 280 1168 e
296 1104 421 1184 syriaca
436 1103 600 1182 Peschito,
616 1108 654 1167 ut
667 1108 759 1183 patet
774 1122 792 1167 e
807 1102 996 1167 lectionibus
1011 1103 1235 1183 peculiaribus,
1255 1122 1335 1184 quas

122 1207 184 1252 cum
203 1188 258 1253 illa
280 1189 379 1254 habet
402 1208 597 1268 communes
624 1193 657 1253 et
679 1207 717 1252 ex
739 1188 901 1253 erroribus
923 1188 955 1251 in
975 1188 1129 1252 vertendo
1149 1189 1335 1268 commissio,

121 1293 193 1355 quae
208 1274 331 1339 nonnisi
355 1293 372 1339 e
395 1279 486 1339 textu
509 1275 632 1354 syriaco
655 1273 806 1355 explicari
827 1279 970 1354 possunt.
1001 1273 1053 1338 Sic
1068 1293 1096 1336 v.
1112 1293 1141 1355 g.
1156 1274 1206 1338 Jo.
1222 1276 1261 1353 4,
1283 1274 1334 1337 46.

119 1378 218 1423 vocem
239 1359 418 1444 βασιλικός,
447 1378 542 1440 quam
564 1359 713 1424 Peschito
735 1358 842 1423 reddit
867 1377 925 1440 per
951 1358 1034 1423 abde
1061 1358 1184 1424 malcho
1209 1358 1336 1438 (servus

120 1445 226 1527 regis),
250 1462 362 1508 versor
383 1445 527 1525 persicus
549 1464 662 1509 nomen
677 1444 842 1525 proprium
857 1443 970 1508 habuit
985 1449 1018 1508 et
1032 1445 1130 1509 vertit
1143 1463 1202 1524 per
1216 1444 1336 1508 Abdol-

119 1529 214 1594 melik.
261 1528 380 1594 Oritico
397 1537 429 1594 et
445 1536 597 1611 exegctae
612 1531 743 1612 exiguas
759 1528 864 1593 adfert
879 1529 1054 1610 suppetias.
1083 1529 1216 1594 Minoris
1231 1529 1336 1594 adhuc

119 1615 261 1680 momenti
284 1619 334 1678 est
354 1613 417 1678 aha
439 1615 543 1680 versio
567 1621 706 1696 quatuor
729 1614 964 1696 evangeliorum
988 1634 1026 1680 ex
1049 1614 1196 1696 originali
1219 1633 1334 1696 graeco

120 1698 267 1778 confecta,
299 1701 389 1781 cujus
412 1719 488 1764 vero
504 1706 628 1780 textus,
658 1719 729 1765 cum
745 1705 875 1780 praeter
889 1700 970 1765 duos
987 1700 1111 1764 codices
1132 1718 1336 1781 graeco-per·

119 1785 192 1850 sices
207 1785 307 1849 etiam
321 1785 499 1850 versionem
515 1787 671 1866 syriacam
686 1785 883 1864 adhiberent,
899 1784 940 1848 ab
964 1785 1140 1850 editoribus
1162 1805 1224 1850 non
1235 1804 1336 1866 purus

119 1871 198 1950 prelo
214 1869 394 1934 submissus
411 1876 488 1935 est.1

673 2005 699 2086 ἕ.
724 2008 773 2070 61.

491 2141 520 2192 4.
539 2141 712 2192 versiones
724 2143 951 2204 Aegyptiacae.

194 2295 274 2361 Post
288 2294 461 2360 Alexandri
474 2296 517 2359 M.
532 2300 678 2375 tempora
692 2295 801 2377 lingua
815 2314 931 2377 graeca
946 2295 978 2358 in
989 2283 1135 2376 Aegypto
1152 2296 1232 2360 adeo
1247 2295 1336 2360 inva-

118 2379 260 2459 lescebat,
276 2387 313 2443 ut
323 2379 535 2445 Alexandriae
547 2386 579 2445 et
591 2381 624 2444 in
639 2381 823 2462 regionibus
838 2379 1013 2445 confinibus
1028 2379 1230 2444 vernaculam
1241 2380 1336 2460 plane

118 2471 320 2547 expungeret,
344 2470 377 2529 et
396 2465 428 2529 in
449 2466 674 2530 remotioribus
695 2485 822 2547 quoquc
844 2466 1027 2548 regionibns
1043 2466 1194 2546 antiquae
1208 2465 1336 2548 Aegyp·

117 2551 227 2615 tiorum
243 2550 371 2632 huguae
386 2555 517 2631 praeter
538 2550 704 2616 literarum
725 2551 927 2616 characteres
948 2551 1065 2615 multas
1086 2569 1180 2615 voces
1201 2569 1239 2616 ac
1262 2570 1335 2616 con-

117 2637 303 2701 structiones
314 2635 511 2714 obtruderet,
527 2637 611 2701 unde
622 2637 741 2701 idioma
752 2638 798 2701 sic
813 2637 934 2700 dictum
945 2638 1096 2720 capricum
1111 2636 1336 2716 (probabihtcr

117 2721 151 2784 ab
165 2722 246 2786 urbe
261 2721 386 2801 Koptos
408 2722 440 2785 in
455 2721 602 2802 Aegypto
625 2722 796 2802 superiori)
820 2728 949 2786 enatum
977 2727 1038 2800 est,
1065 2722 1152 2802 qnod
1171 2722 1276 2803 ipsum
1302 2723 1335 2786 in

118 2806 254 2872 diversas
271 2806 426 2871 dialectos
442 2813 513 2871 erat
528 2808 673 2871 divisum.
705 2807 809 2882 Quum
825 2826 899 2871 vero
915 2807 1173 2871 Ptolomaeorum
1189 2807 1337 2888 dynastia

117 2892 194 2956 circa
220 2897 367 2973 tempora
393 2892 511 2957 Christi
535 2910 669 2974 regnare
695 2899 866 2970 cessasset,
897 2891 1005 2972 lingua
1031 2891 1201 2955 vernacula
1231 2893 1335 2956 denuo

116 2977 277 3042 dominans
293 2977 408 3056 evasit,
432 2977 547 3057 graeca
563 2977 605 3040 ad
624 2977 725 3041 solam
739 2976 965 3042 Alexandriam
987 2975 1054 3040 fere
1076 2977 1240 3056 repressai3
1262 2978 1335 3041 hinc

115 3063 310 3128 versionibus
325 3062 478 3126 librorum
493 3062 530 3125 N.
548 3063 582 3125 T.
598 3080 678 3143 opus
695 3068 773 3140 erat,
790 3069 822 3126 et
837 3081 949 3125 revera
963 3061 1068 3125 factae
1083 3068 1157 3125 sunt
1172 3067 1255 3125 tres:

198 3150 225 3211 1.
252 3147 405 3210 Thebaica
417 3147 634 3212 sensatione
647 3147 820 3229 superioris
832 3148 979 3228 Aegypti,
992 3147 1081 3227 cujus
1095 3156 1200 3210 tamen
1212 3147 1335 3211 nonnisi

115 3230 289 3314 fragmenta
305 3238 492 3313 supersunt,
514 3233 593 3297 etin
608 3233 786 3315 quamirus
803 3251 873 3297 cum
890 3233 980 3297 codd.
996 3233 1040 3311 D,
1057 3234 1083 3296 L
1098 3232 1233 3313 aliisque
1254 3233 1335 3296 anti-

117 3318 273 3396 quissimis
290 3325 322 3382 et
338 3337 409 3382 cnm
425 3336 505 3382 vers.
521 3319 670 3383 Peschito
685 3319 845 3384 invenitur
859 3336 1040 3383 consensus.

196 3404 225 3467 2.
249 3403 453 3486 Memphitica
477 3422 534 3468 seu
554 3403 713 3468 inferioris
736 3404 891 3485 Aegypti,
915 3422 998 3484 qnae
1020 3408 1123 3467 totum
1145 3402 1183 3465 N.
1201 3403 1234 3466 T.
1251 3421 1335 3466 com-

116 3486 270 3567 plectitur,
288 3493 407 3554 etcum
424 3489 680 3567 coddABCDZ,
698 3489 766 3568 Syr.
783 3489 852 3553 Ital.
871 3489 1050 3553 concordat.
1094 3487 1240 3568 Denique

197 3577 224 3638 3.
249 3579 422 3654 supersunt
443 3572 621 3654 fragmenta
641 3575 795 3637 versionis
811 3573 1060 3636 Baschmarc'oae
1082 3591 1139 3636 seu
1155 3573 1335 3636 Ammonia·

118 3681 185 3739 ccc,
210 3679 292 3740 quae
317 3677 388 3721 cum
405 3659 568 3736 Sabidica,
597 3659 729 3738 exceptet
752 3658 889 3722 dialecto
912 3658 1100 3738 plerumque
1116 3659 1288 3722 concordat
1304 3666 1336 3723 et

117 3741 185 3807 ideo
209 3765 246 3809 ex
273 3744 386 3808 eadem
411 3744 627 3822 promanavit,
651 3750 793 3807 attamen
818 3743 986 3807 nonnullae
1010 3742 1162 3808 lectiones
1189 3744 1336 3809 diversae

118 3828 207 3894 etiam
222 3849 316 3894 usum
332 3827 476 3893 codicum
491 3847 678 3910 graecorum
693 3829 841 3892 indicant.

195 3918 295 3978 Aetas
309 3915 422 3977 harum
437 3914 617 3978 versionum
640 3922 727 3978 certo
749 3913 956 3978 determinari
977 3913 1103 3994 nequit3
1124 3913 1336 3993 probabihtcr

117 4002 218 4065 tamen
233 4019 316 4065 saec.
333 4000 390 4062 ΙΙΙ.
408 3997 569 4063 conlectae
585 4006 674 4078 sunt3
690 4018 764 4062 nam

195 4089 229 4167 a)
251 4090 394 4150 testante
407 4083 583 4148 Athanasio
598 4085 788 4147 Pachomz'os
803 4084 964 4148 monachis
984 4083 1139 4148 thebaicis
1161 4084 1335 4164 praecepit,

117 4173 151 4229 ut
164 4171 305 4251 regulam
319 4170 398 4250 ipsis
413 4170 645 4250 praescriptam
661 4177 693 4233 et
708 4187 831 4233 sacram
843 4169 1048 4250 scripturam,
1064 4169 1236 4249 praecipue
1247 4167 1285 4230 N.
1299 4169 1333 4232 T.

117 4249 260 4331 legerent.
305 4255 379 4318 Jam
393 4273 469 4319 vero
485 4255 627 4334 regulam
644 4254 689 4318 eis
704 4253 891 4334 aegyptiace
907 4254 1049 4335 scripsit,
1072 4253 1158 4334 quod
1173 4253 1333 4333 supponit,

117 4333 236 4418 linguae
250 4358 386 4421 graecae
401 4346 457 4404 aut
471 4338 565 4420 plane
580 4359 651 4418 non,
666 4346 723 4403 aut
735 4339 849 4403 saltem
860 4359 922 4404 non
934 4357 1042 4404 omnes
1054 4337 1224 4402 monachos
1234 4335 1334 4404 fuisse

119 4472 313 4486 *ἱ*-

184 4542 192 4572 1
208 4539 297 4593 Primo
315 4540 481 4608 evangelium
493 4540 625 4593 Matthaei
643 4541 743 4593 editum
760 4544 802 4592 est
814 4539 847 4592 ab
859 4541 924 4594 Abr.
938 4539 1050 4594 Wheloc
1061 4537 1176 4591 Londiui
1190 4538 1264 4592 1652.
1278 4538 1333 4605 fol,

120 4600 175 4658 dein
186 4608 272 4661 omnia
284 4615 399 4676 quatuor
411 4608 548 4676 evangelia
559 4623 576 4660 a
587 4608 698 4662 Pierson
710 4607 793 4661 Lond.
810 4608 882 4661 1657.
895 4608 940 4661 fol.
