3364 5156
610 318 894 383 -—·213—-

692 539 719 620 §.
741 539 810 605 143.

506 675 640 727 Occasio
653 679 685 728 at
696 688 811 739 scopus
823 676 994 738 evangelii.

225 828 251 892 1.
273 828 440 911 Evangelii
455 828 615 894 scribendi
626 829 826 895 occasionem
840 849 865 894 s.
878 829 899 894 J
900 829 994 894 oanni
1007 830 1227 911 praebuerunt
1238 848 1364 896 errores

142 913 234 994 uarii,
249 915 305 995 qui
319 915 353 978 in
367 913 446 979 Asia
460 915 576 980 minori
591 919 683 980 erant
697 915 775 995 orti,
792 919 826 980 et
839 916 1014 980 amicorum
1029 920 1128 998 atque
1143 917 1367 1000 episcoporum

142 1019 257 1081 preces.
301 999 445 1064 Primum
469 1019 507 1065 ex
528 1001 599 1081 ipsc
621 999 704 1065 libro
729 1005 762 1066 et
784 1019 802 1066 e
824 1001 849 1065 Ι.
870 1001 1003 1067 Joannis
1026 1002 1163 1082 epistola
1185 1001 1366 1081 edocemur,

142 1085 274 1150 alterum
301 1104 318 1150 e
343 1085 524 1150 traditione.
577 1085 630 1151 Sic
657 1084 796 1150 Glemona
820 1085 914 1150 Alea.
940 1087 1034 1152 dicit:
1064 1087 1236 1166 loannem,
1266 1105 1366 1169 quum

141 1177 319 1250 postremus
333 1171 483 1251 vidisset,
504 1172 538 1254 in
555 1169 727 1252 evangeliis
744 1171 921 1252 corporalia
936 1171 1045 1253 (lesu)
1061 1191 1132 1238 esse
1147 1171 1324 1254 publicata,
1345 1190 1366 1236 a
1395 1185 1397 1189 ’

141 1255 347 1322 familiaribus
373 1261 496 1321 motum
522 1261 555 1322 et
580 1257 703 1338 Spiritu
729 1276 753 1322 s.
780 1255 923 1321 afflatum
953 1258 1120 1338 spirituale
1148 1258 1366 1339 composuisse

142 1341 372 1424 evangehum‚1
394 1342 481 1423 quod
502 1342 633 1408 uberius
655 1343 785 1423 exponit
807 1348 921 1408 auctor
934 1342 1105 1425 fragmenti
1120 1344 1207 1425 apud
1222 1343 1366 1408 Murato-

140 1427 257 1508 rium,²
281 1446 364 1508 quae
379 1427 510 1506 relatio,
533 1428 560 1492 si
576 1433 626 1492 est
639 1447 733 1508 vera,
756 1429 912 1494 loannem
931 1430 1057 1495 nomine
1072 1429 1212 1494 omnium
1226 1428 1366 1510 discipu-

140 1512 238 1577 lorum
249 1513 451 1595 evangehum
466 1513 633 1595 scripsisse
645 1514 748 1594 docet,
763 1515 849 1578 unde
863 1533 941 1578 usus
955 1514 1090 1595 pluraHs
1107 1517 1134 1594 1,
1151 1515 1198 1579 14.
1210 1518 1244 1580 et
1253 1514 1365 1595 21,24.

141 1598 321 1679 explicatur.
365 1599 510 1663 Eandem
525 1599 724 1665 occasionem
737 1600 880 1664 nominat
895 1618 919 1664 s.
935 1600 1181 1682 Hieronymus.³

219 1685 249 1748 2.
286 1685 317 1749 S.
340 1685 481 1750 loannes
508 1685 674 1750 consilium
697 1684 813 1749 habuit
837 1685 872 1766 a)
893 1685 1097 1765 historicum,
1127 1704 1231 1765 neque
1257 1689 1365 1749 tamen

139 1767 176 1866 l).
187 1789 270 1850 pure
290 1770 494 1849 historicum,
518 1771 576 1836 sed
595 1770 1006 1852 historico-dogmaticum,
1031 1775 1064 1836 et
1079 1771 1217 1851 denique
1232 1769 1260 1852 c)
1277 1769 1365 1850 pole-

93 1885 95 1890 *
138 1873 261 1920 micum.

218 1941 273 2004 Ad
288 1965 316 2004 a.
344 1940 461 2005 Joanni
476 1940 642 2006 eonsihum
657 1944 728 2006 erat
749 1941 949 2020 batoricum,
971 1959 1035 2005 non
1049 1959 1124 2005 vero
1139 1941 1190 2020 id,
1212 1944 1249 2003 ut
1271 1939 1365 2020 plene

139 2026 325 2090 exhaustam
346 2027 432 2090 vitae
448 2025 528 2091 Jesu
544 2025 664 2091 Christi
686 2025 862 2090 delinearet
883 2025 1067 2106 historiam,
1091 2025 1148 2090 sed
1170 2031 1208 2089 ut
1229 2030 1365 2106 augeret

138 2129 292 2176 summam
308 2111 539 2193 cognitionum,
555 2130 636 2193 quas
651 2111 788 2176 lectores
800 2112 867 2192 jam
882 2111 1035 2176 tenebant
1050 2130 1067 2176 e
1083 2110 1188 2175 tribus
1203 2108 1364 2191 prioribus

139 2197 309 2279 evangeliis
323 2197 466 2262 haustas.
503 2197 647 2261 Primum
662 2216 680 2262 e
694 2196 768 2260 libri
783 2201 971 2278 argumento
987 2215 1024 2262 ac
1039 2195 1249 2276 dispositione
1263 2198 1364 2276 patet,

139 2288 168 2346 et
183 2301 220 2347 ex
235 2283 379 2347 auctoris
393 2283 496 2364 ipsius
511 2283 624 2361 effat03
646 2301 720 2346 nam
734 2301 796 2346 non
810 2285 937 2346 tantum
952 2281 1077 2347 collatis
1091 2279 1255 2362 prioribus
1270 2298 1365 2346 evan·

137 2367 225 2448 geliis
240 2367 344 2432 multa
358 2369 577 2449 praetermisit
592 2374 624 2433 et
639 2368 723 2432 inter
736 2368 816 2432 haec
831 2367 1022 2449 gravissima
1037 2386 1180 2449 quoque3
1197 2367 1255 2432 sed
1267 2365 1364 2430 etiam

139 2471 188 2533 ea,
209 2472 295 2536 quae
309 2453 468 2533 narravit,
491 2471 717 2536 nonnunquam
731 2453 969 2534 ita-conjunxit,
992 2453 1157 2538 utlector,
1180 2452 1242 2517 nisi
1256 2451 1365 2532 aliqua

52 2583 53 2586 ,
110 2590 114 2606 .
137 2537 251 2604 saltem
266 2539 352 2604 vitae
368 2539 448 2603 lesu
463 2539 643 2620 cognitione
658 2539 816 2621 gauderet
838 2538 966 2604 aliunde
987 2538 1119 2618 hausta,
1143 2538 1184 2602 de
1205 2536 1363 2602 factorum

138 2624 217 2688 serie
231 2624 370 2700 maxime
385 2625 554 2706 ambiguus
569 2625 726 2704 haereret,
741 2642 769 2688 v.
781 2643 811 2705 g.
829 2624 857 2703 7,
875 2625 902 2687 1.
918 2623 987 2689 coll.
1004 2641 1029 2689 e.
1045 2643 1073 2687 v.
1089 2624 1118 2686 2.
1135 2641 1233 2705 seqq,
1251 2623 1300 2702 10,
1312 2622 1364 2686 21.

136 2709 202 2773 coll.
219 2729 246 2775 e.
263 2729 291 2773 v.
307 2710 374 2788 22.,
397 2711 484 2790 quod
506 2714 594 2774 certe
608 2728 671 2773 uon
686 2708 828 2774 auctoris
843 2709 1043 2792 ignorantiae
1059 2714 1116 2772 aut
1131 2707 1292 2772 scribendi
1305 2707 1365 2770 im·

136 2795 280 2874 peritiae,
298 2795 356 2860 sed
372 2794 502 2860 consilio
518 2801 568 2859 est
583 2794 840 2872 attribuendum3
867 2813 964 2875 porro
979 2793 1049 2874 ipse
1064 2794 1116 2872 20,
1132 2794 1182 2857 30.
1200 2797 1233 2858 et
1247 2793 1298 2871 21,
1314 2792 1365 2856 25.

136 2885 285 2960 testatur,
301 2879 403 2944 multa
418 2880 481 2945 aha
495 2879 610 2945 fecisse
626 2879 646 2942 J
648 2897 746 2958 esum,
763 2897 847 2960 quae
862 2898 924 2943 non
940 2878 1005 2942 sint
1019 2879 1140 2958 scripta
1154 2877 1187 2941 in
1201 2876 1284 2941 libro
1296 2876 1365 2940 hoc.

135 2999 176 3009 -
194 2965 358 3045 Alterum,
386 2965 543 3030 loannem
569 2963 729 3045 complere
749 2963 889 3028 voluisse
909 2969 976 3028 tres
996 2963 1121 3044 priores
1142 2960 1365 3043 evangelistas,

132 3050 198 3130 Jam
212 3051 339 3132 antiqui
354 3051 665 3129 animadverterunt,
680 3054 718 3112 ut
732 3048 890 3112 Eusebaba
904 3049 935 3113 h.
951 3067 977 3113 e.
994 3048 1051 3111 Ill.
1068 3046 1118 3110 24.
1135 3051 1169 3112 et
1187 3044 1367 3109 Theodorus

136 3135 372 3220 Mopsucrenas
386 3137 419 3201 in
435 3144 548 3202 catena
561 3136 595 3199 in
610 3133 811 3217 evangelium
822 3133 843 3198 J
844 3133 964 3213 oannis,
981 3138 1014 3199 et
1028 3138 1098 3196 tum
1114 3131 1221 3197 elucis
1234 3131 1366 3213 quibus-

136 3219 221 3302 dam,
237 3225 277 3285 ut
293 3240 310 3286 e
326 3224 360 3301 3,
376 3221 426 3286 24.
444 3221 512 3286 coll.
529 3240 554 3286 c.
572 3221 628 3284 Mt.
643 3220 675 3300 4,
693 3222 758 3300 12,
775 3238 793 3284 e
809 3220 859 3299 11,
875 3220 904 3283 2.
921 3218 990 3284 coll.
1007 3237 1032 3284 c.
1048 3219 1124 3282 Luc.
1142 3217 1174 3297 7,
1190 3218 1241 3282 36.
1266 3234 1365 3297 seqq,
1463 3251 1473 3262 ·

137 3323 153 3369 e
169 3307 218 3386 18,
237 3307 287 3371 13.
304 3307 462 3372 culleum
477 3308 533 3371 Mt.
550 3308 605 3386 26,
627 3306 695 3386 51,
719 3309 788 3369 tum
802 3305 877 3370 inde
893 3304 1066 3387 colligitur,
1094 3303 1181 3384 quod
1195 3301 1365 3366 maximam

135 3397 262 3471 partem
277 3392 355 3458 talia
370 3396 490 3472 narrat,
506 3410 589 3474 quae
599 3391 832 3472 Hierosolymis
849 3396 881 3456 et
895 3391 927 3455 in
940 3390 960 3453 J
961 3390 1066 3454 ndaea
1078 3392 1151 3453 acta
1162 3392 1228 3452 tres
1240 3386 1365 3468 priores

135 3476 351 3558 euangelistae
366 3478 570 3542 reticuerunt.

218 3562 272 3626 Ad
287 3562 317 3628 b.
347 3562 570 3647 Evauqelistae
583 3584 644 3625 noa
659 3559 758 3624 solum
773 3560 828 3624 boo
838 3560 949 3644 fursee
963 3557 1129 3623 concitarem
1142 3579 1225 3620 mera
1243 3555 1368 3620 1111011-

134 3669 220 3797 ζιωη,
246 3647 391 3712 sedeam
410 3633 1013 3732 Mammea-depracaticumprosecutam
1035 3665 1101 3706 csse
1121 3665 1264 3728 scopum,
1291 3661 1367 3724 pro·
1437 3676 1440 3682 ·

157 3737 247 3798 atur:
1349 3753 1359 3770 ⁸

204 3990 215 4020 ¹
235 3984 294 4042 Τὸν
303 3967 547 4060 μέντοι.’Ῑωάννην
560 3985 679 4056 ἔσχατον
698 3979 865 4064 συνιρόντα,
888 3979 932 4036 ὅτι
950 3979 984 4036 τὰ
995 3977 1141 4065 capraria&
1157 3980 1188 4037 ἐν
1207 3988 1266 4042 τοῖς
1284 3979 1366 4050 εὐσφ-

135 4058 239 4124 γελίοις
251 4054 417 4142 δεδῄλωται,
436 4058 652 4176 προξτραένῖέντα
664 4049 1127 4173 Ἇπὲᾶιένυζέἵρέμὲυνὴπῖᾗυματι
1138 4053 1365 4120 θεοφορηθένια,

138 4138 643 4258 muluottlb‘hgrlbaffizitlygsstcgggrysycipffirvs
651 4193 679 4242 et
688 4136 819 4256 eppiscopis
830 4157 900 4238 dixit
905 4156 1057 4253 (joannesh
1070 4183 1088 4238 J
1089 4184 1197 4252 ejunate
1209 4181 1275 4236 mihi
1286 4181 1366 4236 hodie

137 4257 233 4323 triduo,
246 4264 274 4313 et
286 4258 349 4326 quid
360 4259 457 4326 cuique
468 4257 551 4311 fuerit
562 4257 718 4320 revelatum,
730 4255 891 4309 alterutrum
902 4252 978 4306 nobis
987 4266 1151 4306 enarremus.
1173 4249 1276 4304 Etdem
1286 4256 1366 4304 nocte

135 4325 284 4380 revelatum
296 4333 338 4381 est
348 4326 474 4380 Andreae
486 4341 520 4379 ex
531 4324 680 4394 apostolis,
700 4329 731 4377 ut
747 4321 998 4392 recognoscentibus
1011 4319 1114 4374 cunctis
1126 4318 1244 4373 loannes
1257 4333 1306 4372 suo
1317 4333 1366 4372 no·

138 4393 501 4449 minecunctadescriberet.
1150 4454 1155 4465 ¹
1321 4453 1327 4465 ·

206 4465 217 4496 ⁸
233 4462 322 4517 Praei.
334 4463 363 4516 in
374 4462 436 4516 Mt:
460 4461 586 4526 Joannes,
604 4476 665 4514 cum
678 4466 750 4514 esset
761 4459 790 4512 in
800 4457 867 4510 Asia
880 4456 972 4523 (etiam
983 4462 1042 4512 tum
1053 4455 1249 4509 haereticorum
1262 4468 1366 4508 semma

138 4527 331 4609 pullularunt),
353 4536 461 4610 coaetus
478 4535 520 4583 est
531 4529 565 4609 ab
574 4528 700 4609 omnibus
711 4542 797 4606 paene
808 4531 873 4606 tunc
884 4525 966 4579 Asiae
979 4523 1111 4604 episcopis
1123 4527 1150 4576 et
1162 4522 1308 4576 multarum
1321 4537 1364 4576 ec·

137 4595 281 4653 clesrarum
292 4599 470 4668 legatrombus
482 4598 516 4652 de
528 4597 666 4651 diurnitate
677 4595 750 4649 dhus
763 4594 887 4649 scribere.
912 4593 967 4648 Otr.
980 4592 1013 4646 de
1025 4607 1088 4646 rius
1100 4591 1198 4645 dlustr.
1212 4606 1235 4644 c.
1248 4590 1272 4644 9.
