3356 5176
784 310 1045 372 --]().ἐ

302 481 326 544 Ι.
344 480 415 545 Cor.
432 481 461 560 2,
479 481 506 545 7.
523 480 588 561 al),
610 500 671 545 non
688 484 818 561 poterat
832 499 894 545 non
909 480 1092 546 innumeras
1108 480 1248 546 excitare
1263 480 1481 560 quaestiones
1505 481 1531 544 si

301 566 459 648 agebatur
474 567 514 632 de
529 565 662 647 singulis
677 565 752 630 fidei
768 566 911 631 articulis
927 572 959 632 et
974 567 1015 632 de
1028 568 1096 632 vita
1110 585 1185 632 vere
1200 566 1373 631 christiana
1386 565 1528 631 forman-

301 653 356 730 da;
373 652 445 717 hinc
460 657 532 717 orta
547 656 617 718 erat
632 652 863 716 sententiarum
878 652 1061 732 diversitas
1078 657 1192 718 enatae
1206 652 1279 717 btes
1295 656 1328 718 et
1343 651 1528 717 schismata.

302 738 354 801 Ad
367 757 492 803 errores
503 738 571 819 Jam
583 738 787 818 corrigendos
799 742 856 802 aut
868 740 1101 806 controversias
1114 739 1347 819 componendas
1358 738 1531 819 magistro-

302 843 373 888 rum
389 823 429 888 ab
445 823 608 904 Apostolis
624 823 808 888 relictorum
829 825 1006 890 auctoritas
1027 845 1089 891 non
1105 843 1231 906 semper
1247 823 1442 903 sufficiebat,
1465 824 1529 889 imo

300 909 362 989 ipsi
373 909 582 974 instructione
593 909 749 991 pastorah
760 910 881 990 scripta
892 910 1078 992 indigebant
1088 909 1125 991 (I.
1135 915 1168 976 et
1179 910 1219 974 ll.
1232 910 1274 974 ad
1286 910 1374 989 Tim,
1386 910 1439 974 ad.
1452 909 1529 991 Tit.)

300 1001 358 1060 aut
373 995 537 1060 doctrinae
552 1014 630 1061 suae
647 992 885 1060 confirmatione
900 1015 981 1076 opus
996 997 1159 1062 habebant
1173 995 1229 1077 (ad
1246 995 1389 1078 Culusa).
1421 995 1529 1072 Quare

301 1081 454 1147 ecclesiae
470 1082 561 1162 ipsae
575 1085 632 1146 aut
648 1100 758 1146 earum
770 1082 918 1146 doctores
933 1083 1084 1148 seduces
1099 1082 1276 1162 adprimus
1292 1099 1368 1146 suos
1382 1099 1528 1146 recurre

299 1166 377 1232 bant
398 1166 571 1247 magistros
585 1166 772 1247 Apostolos,
796 1167 851 1247 qui
867 1168 1010 1248 epistolis
1026 1169 1093 1233 suis
1106 1165 1219 1233 fideles
1233 1167 1364 1232 uberius
1378 1167 1528 1232 institue-

299 1251 391 1331 bant,
409 1271 535 1317 errores
551 1271 661 1317 eorum
678 1252 892 1332 corrigebant,
909 1259 942 1319 et
956 1273 1065 1320 omnes
1080 1255 1122 1318 ad
1137 1254 1293 1319 unitatem
1308 1252 1383 1318 fidei
1398 1271 1529 1317 revoca-

298 1337 377 1402 bant
393 1336 478 1418 (epp.
487 1339 528 1402 ad
537 1338 632 1419 Con).
648 1373 691 1382 —
710 1338 884 1404 Praeterea
897 1337 1150 1406 Christianorum
1165 1359 1203 1405 en
1218 1339 1460 1404 circumcisione
1475 1337 1529 1402 alii

299 1423 332 1487 in
355 1422 469 1488 salutis
485 1424 613 1505 negotio
632 1424 720 1506 justo
738 1423 811 1505 plus
830 1424 1011 1490 tribuerunt
1026 1425 1203 1506 ludaismo,
1225 1426 1272 1490 ita
1286 1429 1323 1490 ut
1343 1444 1407 1490 non
1426 1423 1530 1489 solum

298 1508 361 1590 ipsi
372 1509 475 1590 legem
487 1509 729 1575 ceremonialem
741 1509 957 1590 observarent,
973 1513 1030 1577 sed
1042 1513 1155 1594 Jugum
1167 1512 1264 1576 hocce
1276 1511 1373 1576 etiam
1386 1510 1528 1576 ethnico-

299 1594 481 1660 christianis
497 1596 672 1661 obtrudere
686 1602 891 1676 conarentur;
912 1597 967 1661 alii
981 1617 1057 1663 vero
1073 1597 1286 1664 Gnosticismo
1303 1597 1426 1661 addicti
1443 1614 1528 1662 cres-

299 1685 392 1745 cente
417 1681 552 1746 audacia
578 1687 676 1763 eaput
702 1682 862 1763 erigentes
885 1702 922 1748 eo
945 1683 1134 1762 tendebant,
1160 1687 1197 1748 ut
1220 1682 1385 1748 doctrinae
1407 1681 1528 1747 Christi

299 1765 484 1832 salutiferae
499 1766 619 1847 placita
637 1768 777 1833 humana
792 1768 1038 1850 substituerent,
1062 1769 1171 1850 sicque
1185 1768 1273 1834 illam
1287 1768 1319 1833 vi
1342 1786 1402 1832 sua
1420 1769 1528 1849 priva·

297 1857 370 1916 rent
391 1852 455 1917 imo
480 1852 711 1919 subverterent.
760 1853 908 1935 Denique
933 1875 995 1920 non
1019 1859 1145 1920 tantum
1166 1853 1357 1920 fanatismus
1375 1854 1527 1935 judaicus

297 1935 419 2003 nullum
441 1957 504 2003 non
524 1939 624 2003 movit
646 1939 802 2021 lapidem,
825 1948 862 2004 ut
882 1941 1049 2007 ecclesiam
1065 1941 1185 2007 Christi
1206 1938 1349 2006 fidehum
1371 1940 1527 2021 sanguine

298 2022 483 2103 suffocaret;
512 2025 570 2090 sed
593 2025 690 2090 etiam
712 2026 921 2107 magistratus
944 2026 1063 2093 ethuici
1086 2027 1299 2105 Christianae,
1321 2045 1402 2107 quos
1422 2028 1526 2108 primo

296 2113 334 2172 ut
353 2128 454 2174 novae
474 2115 581 2174 sectae
596 2111 746 2192 judaicae
762 2113 888 2178 sodales
903 2113 1151 2194 vihpenderant,
1166 2112 1264 2178 variis
1279 2112 1382 2177 modis
1397 2113 1526 2178 divera-

296 2193 389 2274 bant,
410 2214 541 2260 numero
557 2200 666 2260 autem
687 2203 799 2262 auctos
814 2202 851 2261 ut
865 2199 999 2263 deorum
1014 2204 1243 2278 contemtores,
1263 2198 1423 2264 'scelerum
1443 2197 1527 2264 clan-

297 2280 496 2344 destinorum
507 2286 699 2362 patratores
711 2283 854 2348 homines
864 2284 1062 2364 periculosos
1076 2290 1110 2350 et
1121 2285 1343 2366 exstirpandos
1353 2283 1525 2363 habebant,

296 2365 470 2446 praecipue
490 2366 531 2431 ab
547 2386 585 2432 eo
601 2367 675 2434 inde
695 2373 848 2450 tempore,
870 2389 934 2451 quo
951 2369 1037 2436 Nero
1051 2371 1228 2452 imperator
1242 2371 1363 2435 Romae
1385 2389 1407 2435 a
1429 2389 1465 2436 se
1479 2370 1526 2434 in-

298 2469 412 2516 censae
433 2449 590 2532 dagitium
613 2454 646 2517 in
668 2453 866 2521 Christianos
882 2456 1052 2522 devolvens
1067 2457 1259 2523 horrendam
1275 2455 1473 2522 excitaverat
1494 2455 1525 2519 in
1557 2531 1560 2536 ¹

298 2555 353 2601 eos
367 2539 632 2618 persecutionem.
662 2541 751 2620 Opus
766 2541 876 2622 itaque
892 2547 962 2606 erat
977 2543 1204 2608 constantiam
1219 2539 1400 2624 profitenda
1415 2540 1479 2606 fide
1494 2546 1526 2606 et

297 2641 355 2702 spe
374 2622 579 2704 inconcussa,
601 2644 641 2690 ne
660 2623 771 2692 fideles
788 2627 828 2692 de
851 2646 948 2692 eausa
970 2627 1090 2693 Christi
1111 2629 1320 2710 desperantes
1339 2627 1428 2693 vitae
1449 2645 1526 2692 suae

299 2709 571 2774 conservationem
580 2710 780 2791 praeferrent
787 2719 938 2779 aeternae
945 2713 1058 2778 salutis
1067 2714 1249 2795 dispendio;
1261 2714 1445 2779 necessaria
1457 2716 1526 2778 erat

298 2813 422 2858 morum
437 2795 599 2876 sanct‘tas
615 2816 656 2862 ne
670 2798 848 2864 adversarii
862 2798 1040 2865 invenirent
1055 2800 1186 2881 crimen,
1203 2801 1294 2883 cujus
1307 2804 1440 2880 praeter
1454 2797 1525 2864 reli-

297 2879 400 2960 gionis
416 2898 494 2947 suae
509 2881 739 2962 professionem
755 2883 953 2952 Christianos
969 2905 1121 2952 accusare
1135 2891 1275 2968 possent.
1301 2885 1386 2950 Huic
1401 2886 1525 2950 interno

299 2971 331 3030 et
347 2971 476 3032 externo
494 2966 747 3034 Christianorum
762 2971 862 3036 statui
877 2972 1051 3053 pleraeque
1070 2973 1226 3054 epistolae
1243 2970 1449 3054 apostoHcae,
1469 2987 1525 3034 nee

297 3071 360 3116 non
374 3052 576 3134 apocalypsis
591 3054 612 3119 J
614 3055 724 3121 oannis
740 3057 895 3137 originem
910 3057 1036 3123 debent.

870 3328 897 3410 a.
923 3329 951 3393 7.

519 3479 573 3528 An
586 3481 736 3539 auctores,
749 3479 905 3534 librorum
918 3483 961 3534 N.
974 3483 1007 3532 ¹1¹.
1019 3483 1083 3545 ipsi
1094 3483 1304 3547 scripserint?

381 3629 515 3712 Antiqui
534 3651 632 3713 opera
647 3652 707 3698 sua
721 3634 949 3718 taohygraphis
964 3636 1235 3718 (amanuensibus,
1259 3635 1447 3717 notariis),1
1470 3633 1524 3715 qui

297 3736 336 3781 ex
349 3716 573 3783 hbertinorum
587 3724 644 3783 aut
660 3738 825 3786 servorum
837 3722 939 3788 classe
952 3730 1052 3803 erant,
1068 3723 1191 3789 dictare
1203 3727 1444 3800 consueverunt,
1461 3738 1523 3801 quo

296 3801 382 3866 facto
405 3821 488 3883 quae
511 3804 553 3867 ad
577 3823 670 3869 usum
696 3806 860 3888 pubhcum
882 3808 1044 3875 destinata
1066 3814 1171 3888 erant,
1198 3827 1218 3872 a
1240 3807 1445 3889 calligraphis
1467 3822 1523 3870 seu

296 3887 527 3969 bibh0graphis
544 3890 816 3973 describebantur,
833 3898 866 3960 et
881 3913 900 3958 a
916 3900 1096 3960 correctore
1112 3894 1372 3960 emendabantur.

383 3973 476 4050 Quod
490 3974 606 4040 attinet
620 3975 719 4043 libros
735 3977 774 4043 N.
783 3979 828 4058 T,
844 3979 964 4046 Paulus
972 3981 1032 4062 Ap.
1049 3979 1201 4062 epistolas
1217 3998 1293 4044 suas
1304 3978 1427 4044 dictare
1442 3975 1522 4042 sole-

299 4059 364 4139 bat,
385 4064 422 4124 ut
435 4064 527 4141 patet
543 4080 580 4127 ex
596 4062 688 4143 epist.
711 4065 754 4128 ad
774 4065 933 4130 Romanos
950 4067 1000 4146 16,
1014 4067 1075 4147 22,
1096 4065 1152 4130 ubi
1170 4065 1320 4131 hbrarius
1333 4064 1522 4131 nominatur.

365 4335 375 4366 1
392 4331 433 4385 De
445 4330 689 4401 tachygraphorum
701 4332 838 4388 celeritate
850 4334 983 4390 Martialis
996 4334 1073 4390 dicit:

525 4405 1126 4544 ttttttltttttttmmtttlttttlitt

834 4513 839 4536 ,
1128 4514 1134 4526 .

349 4533 403 4589 Cfr.
414 4535 550 4590 Ausoniis
570 4537 700 4605 igramma
711 4538 746 4592 ad
758 4539 890 4594 doarium
903 4540 1068 4596 velocissime
1081 4541 1266 4610 excipientem,
1276 4545 1303 4593 et
1315 4535 1520 4608 palaeographia

296 4603 389 4658 critica
400 4603 472 4658 edita
483 4604 517 4658 ab
592 4605 631 4660 'co
643 4605 729 4676 Kopp.
749 4606 824 4662 1817.
