3364 5156
781 345 848 352 -—-
892 307 955 372 212
998 343 1066 350 -—

310 482 376 548 sias
398 480 619 564 gubernavit¹
662 479 708 544 Ut
723 479 878 562 Origenes
898 484 932 544 et
946 497 970 543 s.
985 479 1199 560 Hieronymus
1220 478 1376 558 referunt,
1397 493 1526 544 uanum

310 582 355 632 ort
368 567 517 652 Eptesd²
545 566 616 643 Quo
629 570 739 630 autem
753 565 871 630 aetatis
885 583 968 629 anno
980 563 1105 644 obierit,
1120 565 1244 646 antiqui
1258 585 1320 630 non
1334 565 1526 646 concordant,

310 653 458 735 quamvis
473 670 591 734 omnes,
607 657 739 731 excepto
755 651 880 717 Isidoro
891 649 1085 732 Hispalensi,
1100 651 1156 732 qui
1171 669 1243 715 eum
1259 650 1377 716 aetatis
1392 669 1472 716 anno
1482 651 1527 716 89.

309 743 471 805 mortuum
487 757 558 804 esse
572 735 686 817 refert,
710 736 846 801 eundem
860 736 1075 818 nonagenario
1095 736 1249 817 maj0rem
1263 736 1441 817 imperante
1459 735 1528 800 Tro-

298 823 382 909 jano
399 823 511 890 evivis
526 823 712 889 discessisse
728 822 869 887 credant.
913 821 1028 903 Neque
1041 822 1074 886 in
1093 821 1334 887 determinando
1349 822 1529 903 imperantis

310 909 440 992 Trajani
454 928 536 974 anno
552 907 770 974 conveniunt.³

395 995 488 1071 Quod
503 995 523 1059 J
525 994 637 1058 oannis
652 994 871 1059 characterem
885 992 1018 1072 attinet,
1040 992 1208 1074 praeditus
1225 997 1296 1057 erat
1310 992 1416 1058 animo
1431 997 1529 1058 tener-

307 1080 402 1160 rimo,
419 1099 482 1162 quo
499 1078 626 1144 Christo
643 1080 776 1161 ejusque
791 1096 908 1144 causae
923 1083 1013 1143 tanto
1028 1096 1137 1143 amore
1151 1097 1190 1143 ac
1203 1076 1328 1143 fervore
1343 1082 1449 1143 totum
1463 1096 1528 1143 sese

308 1165 474 1246 tradebat,
497 1172 534 1230 ut
557 1165 598 1229 ab
619 1165 709 1229 initio
724 1165 757 1228 in
773 1164 976 1229 adversarios
990 1181 1198 1246 quoscunque
1213 1163 1432 1229 vehementius
1448 1183 1531 1228 erar·

310 1252 465 1317 desceret.
511 1250 564 1315 Sic
585 1251 661 1315 Luc.
677 1251 707 1329 9,
729 1250 781 1314 54.
801 1267 890 1330 seqq.
912 1249 1065 1331 legimus,
1092 1269 1165 1314 eum
1191 1267 1262 1314 cum
1288 1248 1411 1314 Jacobo
1437 1247 1530 1314 fratre

307 1336 414 1418 ignem
428 1337 470 1401 de
486 1335 573 1401 coelo
589 1335 784 1401 descendere
798 1335 1000 1400 desiderasse
1013 1335 1047 1398 in
1062 1353 1127 1414 eos,
1142 1335 1198 1416 qui
1209 1335 1230 1398 J
1232 1353 1322 1400 esum
1335 1336 1368 1399 in
1383 1334 1531 1415 oppidum

307 1439 402 1487 suurn
417 1421 562 1503 recipere
575 1427 774 1500 recusarunt,
790 1424 823 1486 et
837 1426 971 1502 propter
984 1421 1067 1485 hanc
1080 1421 1184 1503 ipsam
1195 1420 1292 1485 animi
1303 1419 1531 1484 vehementiam

306 1507 340 1571 hi
364 1506 524 1573 Zebedaei
545 1504 603 1570 filii
624 1505 807 1592 Boauerpeo
827 1506 933 1572 vocati
957 1506 1264 1588 sunt(Mr.3,17.).
1315 1505 1406 1570 Haec
1427 1511 1532 1570 autem

306 1592 423 1658 vitiosa
438 1592 535 1656 animi
549 1592 750 1658 vehementia
764 1611 823 1673 per
838 1591 958 1656 Christi
973 1592 1168 1658 consortium
1183 1609 1221 1656 ac
1236 1591 1415 1656 doctrinam
1432 1595 1466 1656 et
1479 1609 1532 1672 per

307 1677 448 1758 Spiritus
464 1696 488 1742 s.
503 1675 655 1742 influxum
667 1678 785 1743 sensim
797 1677 945 1759 mitigata
959 1677 1075 1742 ineam
1090 1677 1218 1742 transiit
1229 1677 1425 1742 characteris
1439 1675 1532 1740 firmi·

305 1767 406 1828 tatem
429 1769 462 1829 et
483 1764 632 1829 ardorem
655 1763 813 1843 sobrium,
840 1782 904 1845 quo
926 1782 964 1828 ex
985 1781 1094 1828 amore
1108 1763 1171 1828 Dei
1192 1781 1230 1828 ac
1251 1762 1388 1843 proximi
1406 1774 1532 1827 causam

306 1847 428 1914 Christi
442 1854 573 1914 strenue
588 1848 707 1931 agebat
728 1853 761 1914 et
777 1852 888 1914 contra
908 1849 1111 1914 adversarios
1134 1866 1341 1930 quoscunque
1355 1847 1532 1929 intrepidus

304 1935 540 2016 propugnabat.
577 1934 663 2000 Huic
678 1953 802 2000 summo
817 1933 965 2016 Apostoh
980 1953 1058 2015 erga
1071 1934 1178 1999 Deum
1193 1939 1226 1998 et
1240 1934 1421 2014 proximum
1436 1933 1533 1998 amori

305 2024 339 2086 et
353 2021 479 2085 ardenti
493 2020 672 2084 animarum
687 2020 801 2086 salutis
816 2019 1055 2101 promovendae
1066 2019 1135 2085 zelo
1150 2037 1283 2101 prorsus
1301 2019 1450 2085 convenit
1464 2037 1532 2083 nar-

300 2105 385 2172 ratio
403 2104 570 2170 Clemente
583 2106 636 2169 Al.
652 2106 693 2171 de
704 2106 821 2187 juvene
837 2105 1135 2186 praestantissimae
1156 2104 1286 2185 indoHs,
1311 2104 1382 2187 qui,
1407 2123 1481 2170 cum
1495 2104 1532 2169 ab

302 2189 458 2272 Apostolo
481 2191 608 2256 cuidam
632 2191 782 2272 episcopo
803 2195 891 2256 esset
911 2191 1052 2256 traditus
1076 2194 1109 2256 et
1131 2190 1388 2270 commendatus,
1411 2191 1533 2255 abhoc

304 2275 470 2357 neglectus
484 2276 568 2341 latro
585 2280 618 2340 et
631 2275 792 2341 latronum
814 2277 880 2341 dux
903 2277 1021 2356 evasit,
1044 2295 1064 2340 a
1078 2275 1099 2341 J
1101 2295 1203 2341 oanne
1217 2293 1294 2340 vero
1317 2276 1360 2340 ad
1373 2275 1537 2341 mehorem

306 2359 432 2443 frugem
448 2365 498 2426 est
512 2361 703 2440 reductus;⁴
724 2381 820 2442 porro
843 2363 884 2428 de
904 2362 1045 2444 repetita
1067 2380 1165 2442 saepe
1184 2360 1343 2426 aloanne
1362 2361 1431 2442 jam
1447 2381 1537 2444 gran-

307 2448 409 2514 daevo
432 2446 599 2512 charitatis
621 2447 926 2527 commendatione,⁶
949 2452 982 2513 et
1004 2447 1142 2530 denique
1157 2465 1181 2512 s.
1196 2447 1322 2512 Irenaei
1343 2446 1460 2514 relatio
1481 2465 1536 2511 as.

307 2532 485 2614 Polycarpo
500 2532 630 2612 tradita,
647 2531 668 2596 J
669 2551 803 2598 oannem
815 2553 833 2598 e
844 2532 967 2614 balneo,
978 2533 1012 2598 in
1022 2552 1086 2614 quo
1099 2532 1286 2608 Corinthum
1298 2551 1369 2598 esse
1381 2532 1537 2611 audierat,

308 2637 381 2685 cum
395 2616 565 2684 comitibus
580 2618 727 2684 celeriter
740 2616 862 2700 fugisse
872 2619 1047 2698 timentem,
1062 2637 1103 2684 ne
1115 2622 1280 2685 corrueret
1292 2619 1415 2698 domna,
1431 2619 1539 2701 inqua

309 2703 457 2770 veritatis
472 2709 657 2769 versaretur
669 2703 846 2770 inimicus.6

393 2788 567 2855 Praeterea
581 2788 757 2872 Apostolus
772 2794 879 2855 mente
893 2788 1058 2872 gaudebat
1078 2788 1326 2871 contemplativa
1346 2789 1379 2852 in
1400 2807 1456 2854 res
1478 2807 1538 2853 nou

304 2872 342 2939 -in
357 2893 470 2940 sensus
485 2876 637 2940 cadentes
652 2875 784 2956 directa,
800 2894 865 2958 qua
878 2894 938 2957 per
952 2874 1108 2957 Spiritum
1123 2893 1147 2939 s.
1161 2873 1305 2962 perfecta
1319 2875 1540 2957 metaphysica

308 2959 471 3042 religionis
494 2961 686 3026 christianae
712 2960 839 3041 objecta
864 2959 963 3026 veluti
987 2959 1087 3026 oculis
1113 2960 1241 3024 intuens
1266 2960 1308 3024 ad
1333 2959 1484 3026 altiorem
1508 2966 1538 3025 et

306 3063 416 3111 veram
431 3046 596 3111 scientiam
612 3045 753 3128 (gnosiu)
769 3045 882 3125 evexit,
901 3045 1170 3127 quemadmodum
1185 3044 1306 3110 Paulus
1320 3051 1449 3126 partem
1465 3047 1538 3112 doc-

305 3130 410 3196 trinae
431 3130 624 3196 christianae
646 3131 785 3196 ethicam
805 3131 838 3195 in
863 3136 1004 3211 systema
1029 3131 1156 3212 redegit
1178 3131 1343 3212 principiis
1365 3150 1385 3196 a
1408 3130 1536 3196 Christo

257 3223 260 3230 '
307 3216 523 3298 suppeditatis
542 3215 718 3280 subnixam.

392 3299 544 3366 Ceterum
558 3319 641 3382 quae
656 3318 680 3364 s.
692 3299 813 3365 Paulus
828 3301 960 3366 delean
972 3299 1093 3365 Christi
1105 3319 1245 3381 persona
1260 3305 1293 3366 et
1308 3319 1414 3381 opere,
1431 3303 1536 3383 deque

306 3386 410 3452 salute
425 3383 595 3467 perfidem
608 3386 642 3449 in
657 3403 729 3449 eum
744 3385 951 3467 adipiscenda
965 3391 1035 3450 tum
1050 3404 1122 3466 ore,
1138 3391 1207 3450 tum
1221 3386 1323 3451 literis
1338 3386 1489 3466 tradidit,
1506 3390 1536 3452 et

305 3471 346 3536 ob
362 3489 460 3552 quarn
475 3470 653 3535 doctrinam
666 3470 849 3536 innumerus
865 3472 1066 3538 adversarios
1082 3470 1143 3536 sibi
1158 3478 1330 3553 paraverat
1353 3477 1386 3537 et
1408 3471 1537 3537 calami-

305 3560 391 3623 tates
402 3555 609 3638 gravissimas
625 3554 777 3637 subierat,
791 3556 964 3638 inscriptis
977 3575 1000 3622 s.
1014 3557 1035 3622 J
1036 3557 1146 3622 oannis
1158 3558 1286 3640 egregie
1298 3555 1536 3623 confirmantur.

377 3811 384 3842 ¹
402 3807 527 3861 Clemens
538 3809 617 3862 Alex.
630 3823 646 3861 a
666 3848 672 3861 .
685 3808 785 3862 Euseb.
798 3808 824 3861 h.
838 3824 860 3862 e.
874 3809 922 3861 III.
935 3807 989 3877 23.;
1002 3809 1129 3863 Irenaeus
1142 3808 1201 3862 adv.
1214 3809 1321 3862 haeres.
1333 3809 1381 3862 III.
1397 3812 1420 3862 l.

372 3878 384 3910 ¹
399 3874 446 3938 Or·
466 3889 527 3943 .ap.
540 3876 641 3930 Euseb.
673 3876 887 3931 .e.111.20.31.
901 3876 933 3930 V.
947 3879 988 3930 24.
1013 3877 1166 3946 Hieronym.
1180 3877 1213 3932 de
1228 3878 1320 3946 script.¹
1332 3876 1396 3931 eccl.
1411 3893 1433 3931 o.
1448 3877 1473 3930 9.

305 4010 323 4065 J
373 3946 384 3978 ³
402 3943 575 4064 slwpiphm
588 3944 661 3998 haer.
674 3945 715 3998 51.
730 3945 770 3998 12.
795 3943 893 3998 Joanni
905 3946 939 4000 94
950 3945 1020 3999 vitae
1037 3961 1120 4000 annos
1133 3945 1234 4011 tribuit,
1254 3962 1274 4000 s.
1289 3945 1383 4015 Chrys.
1397 3945 1489 4000 homil.
1502 3943 1536 3998 de

324 4025 409 4066 oanne
474 4052 480 4064 .

372 4084 384 4114 ⁴
402 4080 526 4134 Clemens
537 4079 596 4132 Al:
620 4078 686 4146 Quis
699 4078 772 4134 dives
785 4079 875 4134 salvus
887 4097 910 4134 c.
923 4080 965 4134 42.

366 4151 383 4194 .⁵
401 4147 427 4201 S.
440 4147 595 4216 Hieronym.
607 4147 636 4200 in
648 4155 788 4202 comment.
801 4149 830 4202 in
841 4164 884 4216 ep.
896 4148 931 4202 ad
944 4147 1002 4202 Gal.
1014 4147 1061 4203 Vl.
1074 4149 1116 4202 10.

373 4215 428 4269 ⁶8.
440 4215 511 4269 Iren.
524 4215 584 4270 adv.
596 4215 700 4270 haeres.
715 4216 763 4270 ΙΠ.
776 4219 801 4272 3.
813 4216 838 4269 4.
