3428 5180
675 264 960 330 —311-

205 451 286 514 quos
302 451 327 498 s.
344 431 486 498 Jacobus
501 433 704 516 respiciebat,
728 435 825 500 variis
840 435 926 502 vitiis
941 434 1159 518 indulgebant,
1182 441 1220 500 ut
1234 437 1434 518 vilipensioni

203 537 392 599 pauperum,
415 520 710 600 comessationibus,
732 521 917 602 injustitiae,
937 520 1086 602 invidiae,
1107 522 1292 602 calumniae,
1312 523 1432 589 litibus.

202 604 417 669 Accesserant
433 605 633 692 calamitates
649 624 687 684 eu
700 612 795 687 parte
810 606 1008 672 ludaeorum
1023 606 1273 686 ineredrdorum,
1297 627 1379 688 quae
1395 629 1432 674 eo

202 689 449 774 periculosiores
472 695 577 772 erant,
600 709 664 772 quo
686 692 789 756 minus
810 692 935 756 animus
951 710 1060 756 eorum
1074 710 1150 757 vere
1166 697 1236 757 erat
1251 698 1432 758 renovatus.

204 811 245 820 -
263 773 436 838 Corobilium
451 775 557 860 niaque
579 800 603 840 a.
619 777 736 841 Jacobs·
751 776 1142 846 eratdadaeockrc'etabaoe
1163 777 1286 840 hortari
1303 777 1349 842 ad
1366 801 1434 842 coa-

202 861 402 924 steatomatis
418 861 629 945 corporeaeque
641 862 764 947 generale
778 862 1005 942 catacumbas,
1017 861 1102 944 fidei
1116 863 1204 926 vc'vae
1221 863 1433 928 aecesmiatcm

202 945 398 1008 adsalutem
418 945 588 1026 ostendere,
611 947 695 1009 eabba
719 947 850 1010 diversis
871 969 1033 1010 occurrere
1055 960 1082 1010 et
1104 945 1150 1010 od
1170 947 1286 1010 certam
1300 949 1433 1032 pietates

200 1031 342 1094 studeam
357 1031 504 1093 accitare.

289 1116 375 1178 Dum
390 1115 532 1181 lacobus
547 1115 622 1181 fidei
637 1135 724 1182 mere
744 1117 942 1182 theoreticae
953 1115 1151 1198 justificandi
1165 1117 1228 1180 vim
1244 1116 1384 1198 abnegat
1399 1123 1433 1183 et

202 1201 287 1265 bona
311 1218 409 1281 opera
432 1219 489 1266 seu
511 1202 610 1266 vitam
632 1221 709 1267 vere
729 1202 914 1284 religiosam
927 1202 1080 1284 postulat,
1102 1202 1267 1280 doctrinae
1281 1201 1376 1268 Pauli
1391 1203 1432 1268 de

200 1284 266 1350 fide
282 1290 315 1350 et
330 1286 481 1367 operibus
496 1288 654 1352 rationem
670 1287 798 1368 quidem
813 1288 926 1367 babet,
951 1287 997 1351 illi
1015 1307 1091 1352 vero
1113 1305 1318 1368 nequaquam
1336 1306 1432 1367 repu-

202 1376 290 1453 gnat.
331 1370 416 1434 Illud
430 1376 523 1452 patet
538 1391 575 1436 ex
590 1373 704 1438 iisdem
720 1374 872 1454 exemplis
888 1373 928 1438 ab
943 1373 1127 1438 Abrahamo
1144 1376 1177 1436 et
1191 1372 1303 1436 Rahab
1319 1373 1431 1453 petitis

201 1455 286 1536 (coll.
303 1455 371 1520 Jac.
387 1457 417 1535 2,
432 1458 569 1522 21-25.
586 1477 658 1522 curn
673 1459 763 1522 Rom.
778 1459 809 1537 4,
826 1458 919 1522 2-5.
936 1458 1005 1522 Gal.
1022 1460 1051 1538 3,
1068 1459 1096 1522 6.
1112 1457 1211 1522 Hebr.
1229 1457 1278 1536 ll,
1295 1458 1431 1522 17-19,

202 1538 283 1621 31.);
307 1541 367 1605 hoc
381 1541 455 1606 inde
470 1543 636 1622 probatur,
657 1544 743 1624 quod
758 1548 895 1623 uterque
909 1544 1085 1624 Apostolus
1100 1541 1270 1624 perfidem
1285 1550 1318 1608 et
1332 1561 1432 1624 opera

201 1645 266 1690 non
280 1626 366 1690 idem
381 1626 539 1707 intelligit.
584 1627 708 1690 Paulos
723 1629 871 1692 nimirum
891 1627 1060 1708 perfidem
1076 1628 1225 1708 designat
1239 1650 1336 1690 novae
1350 1631 1433 1691 oziae

194 1713 405 1796 ,praecpitem
422 1712 509 1792 quod
523 1713 599 1776 vera
613 1711 677 1777 fide
692 1718 877 1794 susceptum
892 1718 996 1777 toturn
1010 1712 1169 1776 hominem
1185 1717 1344 1792 penetrat,
1362 1713 1431 1794 ejus

201 1815 265 1860 non
279 1801 407 1860 tantum
422 1797 592 1877 cogitandi,
615 1798 672 1862 sed
689 1799 786 1862 etiam
802 1798 960 1862 sentiendi
976 1803 1008 1862 et
1023 1798 1140 1877 agendi
1154 1797 1310 1861 rationem
1326 1802 1431 1861 trans-

200 1879 328 1960 format,
349 1881 369 1944 i.
386 1882 528 1963 efidem,
552 1905 632 1965 qaae
642 1905 704 1966 per
718 1875 902 1946 charitatem
922 1895 1070 1966 operatur
1085 1881 1168 1961 (Gal,
1185 1883 1214 1961 5,
1232 1882 1285 1962 6.),
1310 1887 1343 1945 et
1356 1881 1431 1947 huic

201 1964 263 2030 soli
284 1966 349 2029 vim
370 1967 485 2031 tribuit
503 1966 699 2049 justificandi
723 1987 760 2031 ac
783 1967 941 2046 salvandi3
964 1967 1115 2048 operibus
1139 1971 1247 2031 autem
1269 1965 1349 2047 legis
1373 1985 1431 2031 seu

200 2050 273 2132 lege
295 2052 503 2132 praescriptis
524 2053 588 2115 vim
607 2051 804 2133 justificandi
826 2052 876 2117 vel
904 2054 946 2117 ad
965 2051 1226 2134 justificationem
1249 2049 1431 2118 conferendi

201 2137 344 2217 denegat
359 2137 463 2216 (Rom.
479 2141 507 2217 3,
524 2137 574 2201 20.
591 2138 666 2220 28).
710 2139 847 2202 docebas
862 2157 937 2203 vero
952 2137 1120 2218 perfidem
1136 2137 1255 2202 indicat
1269 2136 1369 2200 solam
1383 2159 1430 2200 re-

201 2221 331 2306 lc‘pa'omlo
347 2221 535 2285 ebria-tianae
551 2225 754 2306 coguitionem
768 2245 823 2286 ceo
834 2246 951 2286 meram
962 2223 1133 2286 intellectas
1145 2245 1307 2285 ascensam
1319 2221 1431 2285 doctri-

199 2329 262 2368 nae
278 2304 471 2370 chroatiam-oe
481 2309 685 2390 praestolam,
710 2320 808 2391 caper
822 2309 1027 2391 operabilem
1038 2309 1215 2391 praeceptis
1232 2305 1354 2370 Carisa·
1363 2329 1431 2369 con-

191 2391 345 2475 formem,
368 2396 400 2456 et
415 2390 511 2456 fidem
525 2393 613 2456 illam
629 2393 697 2458 sine
713 2394 863 2473 operibus
879 2400 1039 2458 mortuam
1055 2412 1125 2457 esse
1141 2391 1281 2456 affirmat
1296 2392 1339 2472 (2,
1355 2392 1430 2472 24).

203 2477 297 2624 (filuod
312 2477 424 2625 itaque
439 2477 581 2541 lacobus
596 2497 654 2558 per
668 2477 764 2542 fidem
781 2483 813 2542 et
829 2497 927 2558 opera
949 2478 1112 2558 exprimit,
1136 2478 1221 2542 idem
1236 2477 1357 2540 Paulus
1372 2496 1431 2558 per

228 2563 302 2626 dem
340 2563 474 2643 esignat

756 2696 784 2778 a.
801 2697 873 2762 aaa.

325 2833 462 2891 Quando
475 2837 508 2885 et
519 2831 577 2883 ubi
588 2831 709 2895 scripta
721 2833 765 2883 alt
782 2832 920 2894 epistola
933 2832 1064 2894 ejusque
1076 2832 1310 2894 argumentum.

290 2987 316 3050 l.
347 2985 492 3069 Epistola
515 2987 595 3048 tiator
618 3007 736 3048 annam
750 2985 801 3048 58.
824 2997 852 3048 et
867 2985 918 3048 62.
942 2986 1061 3069 accepite
1084 2997 1143 3066 est5
1166 3002 1239 3047 nam
1263 3003 1429 3048 erroneam

201 3073 222 3136 J
224 3071 575 3136 udaeoehristianorum
594 3071 634 3134 de
654 3068 718 3134 fide
739 3071 929 3134 sententiam
943 3076 1018 3150 post
1032 3069 1177 3134 ultimam
1193 3069 1320 3133 demum
1335 3069 1429 3133 Pauli

199 3157 385 3221 missionem
405 3156 437 3219 in
459 3155 576 3220 exteris
598 3155 782 3234 regionibus
797 3155 985 3235 invaluisse,
1008 3155 1132 3218 ratione
1148 3153 1259 3218 habita
1275 3155 1344 3235 eJus
1361 3154 1427 3235 epi-

201 3242 358 3306 stolarum
380 3258 559 3320 supponere
579 3239 670 3319 licet,
694 3245 726 3304 et
741 3239 883 3304 lacobus
903 3259 985 3304 anno
1001 3240 1051 3303 62.
1068 3239 1191 3304 occisus
1207 3246 1264 3304 est.
1310 3238 1427 3303 Utrum

200 3327 326 3391 auctori
341 3326 486 3390 doctrina
500 3325 592 3389 Pauli
608 3325 649 3388 de
668 3323 732 3389 fide
753 3330 785 3389 et
806 3325 956 3405 operibus
979 3325 1112 3405 ejusque
1128 3323 1278 3404 exempla
1293 3322 1426 3402 (Ab'rah.

200 3407 296 3495 Rah.)
314 3430 351 3475 ex
367 3410 511 3490 epistolis
526 3410 568 3474 ad
584 3409 717 3474 Galatas
734 3410 823 3474 etad
839 3411 938 3489 Rom,
954 3429 995 3474 an
1010 3429 1048 3474 ex
1062 3408 1271 3473 relationibus
1286 3409 1427 3489 discipu-

199 3497 304 3561 lorum
327 3496 395 3576 ejus
419 3495 545 3575 cognita
566 3494 692 3574 fuerint,
715 3495 923 3559 determinari
944 3494 1068 3574 nequit;
1089 3494 1150 3557 hoo
1172 3499 1279 3557 autem
1303 3498 1426 3557 certum

200 3586 260 3660 est,
276 3580 412 3644 Paulum
427 3580 605 3644 doctrinam
621 3598 711 3643 suam
720 3577 827 3658 Petro,
843 3580 863 3643 J
867 3579 965 3643 acobo
982 3584 1014 3643 et
1025 3578 1141 3643 loanni
1156 3577 1189 3642 in
1205 3578 1336 3642 coneilio
1349 3577 1426 3643 Hie-

198 3665 347 3746 rosolym.
363 3684 445 3729 anno
465 3666 516 3728 52.
533 3665 601 3745 Jam
623 3663 808 3744 exposuisse
832 3670 864 3728 et
887 3683 996 3728 eorum
1017 3681 1183 3727 assensum
1204 3663 1316 3727 tulisse
1340 3663 1425 3743 (Gal.

221 3802 229 3831 ³
277 3751 315 3898 )2.
346 3834 395 3912 Si,
424 3839 461 3897 ut
483 3837 623 3912 constat,
647 3833 788 3897 Jacobus
812 3832 917 3896 Minor
939 3832 1094 3912 epistolae
1117 3838 1166 3898 est
1188 3837 1316 3913 auctor,
1345 3832 1425 3897 haec

199 3920 297 3986 scribi
312 3938 375 3983 non
389 3919 504 4000 potuit,
527 3918 588 3981 nisi
603 3917 838 4001 Hierosolyma,
861 3918 916 3981 ubi
930 3917 1105 3997 Apostolus
1121 3924 1192 3982 erat
1207 3918 1376 3997 episcopus
1393 3923 1426 3981 et
1532 3921 1535 3928 '

132 4055 143 4064 .
198 4023 303 4085 usque
318 4004 360 4068 ad
374 4010 510 4068 mortem
525 4021 617 4066 suam
633 4008 855 4067 commoratus.

285 4091 314 4153 3.
348 4090 584 4172 Arpameocom:
608 4087 790 4152 Praemissd
809 4086 1009 4150 dedicatione
1024 4086 1198 4166 Apostolus
1222 4084 1423 4148 commendat

196 4173 387 4256 patientiam
401 4173 434 4237 in
449 4171 583 4236 diversis
594 4172 834 4250 tentationibus,
851 4170 1154 4251 comprobationem
1166 4175 1198 4234 et
1212 4169 1424 4233 constantiam

198 4258 344 4342 efficiant
364 4262 396 4322 et
420 4257 465 4322 sic
487 4257 528 4320 ad
550 4254 778 4337 perfectionem
800 4256 926 4320 ducant.
971 4254 1016 4318 Ut
1030 4255 1167 4319 lectores
1183 4254 1225 4317 ad
1240 4254 1323 4317 hunc
1338 4254 1424 4319 vitae

197 4361 331 4423 scopum
346 4342 541 4422 perveniant,
557 4359 638 4420 opus
654 4347 704 4405 est
719 4341 886 4421 sapientia,
902 4339 1094 4420 quamDeus
1107 4337 1302 4403 confidenter
1312 4345 1424 4417 peten-

196 4428 286 4493 tibus
304 4428 456 4508 largitur,
480 4444 541 4490 non
561 4431 669 4490 autem
684 4425 906 4490 dubitantibus
923 4426 950 4503 1,
968 4423 1059 4487 1-8,
1104 4422 1232 4503 Pauper
1247 4423 1287 4486 de
1304 4422 1423 4487 exalta·

197 4513 287 4578 tione
302 4513 361 4576 sua
376 4512 531 4593 gaudeat,
556 4511 645 4574 dives
660 4516 769 4575 autem
784 4511 823 4574 de
839 4509 1040 4591 possessione
1056 4527 1114 4573 sua
1129 4507 1271 4572 instabili
1287 4512 1320 4571 et
1334 4507 1424 4572 brevi
