3356 5176
805 289 1068 354 „-.42-..

328 458 502 523 utebantur
516 461 548 524 in
564 460 755 542 recipiendis
770 461 876 540 libris,
900 461 955 542 qui
970 462 1178 542 apostolicam
1195 461 1348 542 originem
1363 467 1420 526 aut
1441 462 1552 525 inscri-

326 544 437 624 ptione
453 565 511 610 sua
526 547 772 626 praetexebant,
793 550 850 611 aut
865 546 1085 612 nonnullorum
1101 547 1248 628 opinione
1263 545 1432 610 habebant.
1469 546 1553 610 Nam

328 630 396 694 coll.
414 629 441 711 ἕ.
459 632 508 695 19.
525 631 669 713 singulae
685 632 838 697 ecclesiae
853 651 891 697 ex
906 633 1063 713 eJ'usmodi
1077 633 1230 697 librorum
1245 630 1404 713 farragine
1428 632 1553 696 nonnisi

327 714 382 779 illa
397 723 595 798 agnoverunt
609 722 863 799 receperuntque
878 718 1007 799 scripta,
1024 736 1159 798 quornm
1175 718 1328 798 originem
1343 717 1554 799 apostolicam

328 801 544 866 testimonium
559 803 643 866 omni
659 803 756 868 dubio
771 804 875 884 maJus
891 803 1056 884 cujusdam
1072 803 1225 868 ecclesiae
1241 808 1361 867 certain
1386 803 1553 881 reddebat,

1657 443 1661 517 l

328 890 360 950 et
376 904 510 968 quorum
525 892 746 968 argumentum
762 907 799 953 ac
815 889 916 968 stylus
932 907 1003 954 curn
1018 889 1163 953 doctrina
1179 893 1211 953 et
1226 888 1364 953 dictione
1376 886 1554 969 apostolica
1659 887 1660 898 ‘

233 1051 235 1056 Ι
329 990 366 1036 ex
382 990 454 1036 asse
469 974 648 1037 concordat.
693 973 766 1038 Jam
781 993 857 1038 vero

414 1059 441 1121 1.
471 1057 636 1139 Epistolae
657 1058 770 1123 Jacobi
796 1063 828 1124 et
850 1059 954 1123 Judae
979 1079 1042 1123 non
1064 1059 1159 1124 certis
1183 1059 1349 1140 cujusdam
1371 1059 1556 1139 provinciae

329 1142 478 1222 ecclesiis,
495 1145 552 1208 sed
568 1144 713 1209 omnibus
726 1145 1033 1209 Judaeoehristianis
1047 1144 1239 1225 ubicumque
1257 1149 1416 1208 terrarum
1435 1145 1554 1225 degen-

326 1228 413 1292 tibus
436 1229 616 1293 destinatae
640 1235 744 1308 erant,
768 1230 1035 1310 quemadmodum
1059 1249 1134 1311 ergo
1157 1230 1369 1294 destinatione
1389 1230 1555 1310 peculiari,

326 1315 372 1377 ita
388 1317 420 1377 et
435 1314 557 1378 diutius
572 1315 753 1379 testimonio
770 1316 922 1380 ecclesiae
938 1316 1104 1396 cujusdam
1119 1314 1248 1396 speciali
1264 1315 1422 1379 carebant.

269 1475 272 1482 Δ
412 1399 441 1462 2,
473 1399 620 1480 Epistola
635 1401 675 1464 ΙΙ,
703 1400 792 1465 Petri
815 1401 917 1465 serius
941 1402 1081 1481 demum,
1105 1400 1315 1481 probabiliter
1337 1406 1465 1464 mortuo
1488 1401 1556 1480 jam

321 1488 458 1556 ,auctore
478 1486 519 1548 ad
541 1485 677 1550 lectores
699 1490 904 1566 pervenerat;
929 1487 962 1550 in
985 1487 1096 1552 eadem
1118 1505 1209 1551 nemo
1231 1485 1381 1550 comitum
1395 1486 1555 1567 Apostoli,

328 1588 430 1651 neque
445 1570 575 1634 nuntius
586 1571 782 1650 nominatur;
799 1572 839 1635 ΙΙ.
852 1577 885 1636 et
896 1572 952 1634 ΙΙΙ,
966 1571 986 1635 J
988 1573 1097 1637 oannis
1113 1571 1249 1652 epistola
1263 1571 1407 1651 personis
1418 1572 1556 1652 privatis

328 1656 477 1719 dedicata
492 1655 563 1719 aliis
578 1657 701 1721 nonnisi
717 1657 820 1721 serius
835 1657 988 1736 innotuit,
1011 1661 1043 1721 et
1058 1656 1125 1722 iere
1139 1657 1216 1720 nihil
1232 1656 1388 1734 continet,
1410 1657 1501 1736 quod
1516 1656 1557 1719 ad

328 1741 429 1806 casin
446 1740 588 1806 ecclesiis
603 1742 754 1823 legendas
769 1742 820 1806 vel
835 1741 1010 1822 inscriptis
1026 1742 1170 1806 citandas
1186 1743 1346 1806 movisset.
1385 1741 1468 1805 Cum
1489 1743 1556 1822 jam

328 1825 479 1891 ecclesiae
494 1827 690 1907 apostolicae
705 1846 829 1892 summo
845 1828 951 1892 studio
966 1827 1169 1909 invigilarent
1183 1826 1239 1906 iis,
1267 1846 1349 1907 quae
1365 1846 1384 1890 a
1405 1827 1557 1907 patribus

326 1916 530 1992 acceperant,
556 1912 707 1978 ecclesiae
723 1918 830 1977 autem
845 1911 929 1977 filiae
945 1931 1069 1977 omnem
1084 1911 1328 1977 reformidarent
1343 1931 1452 1977 rerum
1468 1913 1555 1977 novi·

326 2001 443 2076 tatem,
471 2017 535 2078 qua
560 1999 784 2063 discessissent
809 2018 829 2063 a
851 2003 968 2077 matre;
996 2017 1094 2080 quum
1121 1998 1258 2078 denique
1281 1998 1401 2078 scripta
1423 1999 1557 2079 copiosa

327 2083 501 2163 splendidis
509 2084 735 2163 Apostolorum
743 2084 922 2148 nominibus
932 2089 1044 2148 ornata
1053 2084 1230 2148 successive
1238 2083 1421 2164 prodirent:
1437 2084 1557 2147 mirum

327 2173 414 2233 certe
428 2188 490 2231 non
506 2169 576 2247 erit,
592 2169 763 2233 admodum
779 2174 890 2233 cautas
905 2167 1004 2234 fuisse
1020 2169 1170 2234 ecclesias
1187 2173 1220 2232 et
1233 2167 1300 2233 iere
1315 2169 1486 2250 scepticae,
1503 2170 1556 2246 ita,

327 2258 364 2316 ut
378 2271 417 2317 ne
427 2253 602 2317 auctoritas
612 2254 740 2334 quidem
750 2255 916 2318 doctorum
927 2255 1062 2318 maxime
1073 2254 1252 2334 insignium,
1268 2274 1295 2318 v.
1305 2274 1334 2335 g.
1344 2273 1367 2317 s.
1381 2253 1557 2334 Ephraemi

307 2351 309 2357 ’
327 2339 359 2402 in
376 2338 510 2403 ecclesia
526 2339 661 2419 syriaca,
678 2359 702 2403 s.
719 2339 851 2418 Hilarii,
869 2358 892 2402 s.
908 2339 1068 2403 Ambrosii
1084 2341 1116 2403 in
1132 2339 1319 2404 occidentali
1335 2337 1502 2404 sufficeret
1517 2340 1556 2402 ad

328 2424 532 2505 apocalypsin
555 2424 687 2488 Joannis
711 2425 822 2490 canoni
843 2425 1043 2489 inserendam
1065 2425 1097 2488 in
1118 2424 1186 2504 illa,
1213 2429 1246 2489 et
1267 2425 1310 2488 ad
1331 2425 1554 2490 Hebraeorum

329 2509 496 2590 epistolam
512 2510 692 2574 addendam
708 2511 741 2574 in
755 2511 881 2576 hacce¹

413 2595 441 2658 3.
474 2595 595 2672 Quodsi
616 2595 697 2659 liber
719 2596 849 2677 quidam
871 2594 1066 2676 apostolicus
1091 2595 1143 2660 bic
1168 2595 1212 2659 ibi
1240 2599 1404 2675 receptus,
1431 2595 1468 2658 in
1495 2595 1556 2659 alia

329 2680 476 2760 ecclesia,
504 2685 646 2745 attamen
660 2681 783 2761 absque
799 2681 975 2745 certissimo
991 2681 1172 2745 testimonio
1188 2681 1291 2745 serius
1313 2679 1468 2759 innotuit,
1496 2701 1556 2745 non

329 2767 463 2830 deerant
478 2766 595 2844 critici,
619 2767 674 2847 qni
689 2771 911 2848 argumentum
926 2765 1011 2830 illius
1030 2771 1062 2830 et
1080 2765 1213 2830 formam
1232 2766 1373 2830 severius
1393 2767 1556 2830 examina·

329 2855 409 2931 rent,
435 2856 467 2915 et
481 2852 532 2916 vel
548 2852 587 2916 ob
603 2852 796 2917 levissimam
812 2849 1033 2916 difficultatem
1050 2852 1178 2933 spuriae
1194 2851 1324 2932 originis
1340 2852 1556 2930 suspicionem

327 2941 499 3002 moverent.
531 2937 584 3002 Sic
599 2957 622 3002 s.
639 2938 852 3019 Hieronymus
868 2936 923 3017 (de
938 2937 1015 3001 viris
1030 2938 1144 3002 illustr.
1161 2955 1186 3001 c.
1201 2936 1246 3017 4.)
1261 2941 1416 3014 testatur,
1434 2938 1555 3017 episto-

328 3023 391 3086 lam
406 3023 511 3088 dudae
527 3042 597 3088 esse
612 3024 847 3102 addubitatam,
871 3023 967 3103 „quia
982 3023 1022 3087 de
1036 3022 1117 3087 libro
1132 3021 1258 3101 Enoch,
1281 3021 1336 3102 qui
1350 3024 1554 3103 apocryphus

328 3113 391 3187 est,
415 3109 567 3172 assumsit
582 3110 800 3187 testimonia“;
824 3109 982 3172 secundae
997 3107 1086 3172 Petri
1101 3107 1230 3172 obstare
1245 3107 1415 3171 videbatur
1431 3109 1554 3186 „disso-

328 3194 437 3257 nantia
453 3193 527 3273 styli
543 3212 613 3257 cum
625 3194 760 3276 priori“;
780 3193 915 3275 epistola
924 3193 1037 3257 Jacobi
1049 3194 1212 3258 doctrinae
1220 3192 1313 3256 Pauli
1320 3193 1378 3273 Ap.
1392 3192 1553 3256 contraria

330 3279 508 3356 continere,
531 3278 732 3360 apocalypsis
748 3279 767 3342 J
770 3279 880 3342 oannis
896 3277 1112 3342 clriliastamm
1129 3278 1328 3356 commentis;
1352 3277 1492 3358 epistola
1514 3277 1553 3340 ad

328 3365 494 3428 Hebraeos
509 3368 639 3444 praeter
653 3365 787 3428 nominis
799 3363 891 3427 Pauli
907 3361 1074 3443 defectum,
1091 3363 1310 3428 diversitatem
1325 3362 1398 3443 styli
1412 3367 1447 3426 et
1459 3381 1553 3444 quos-

328 3451 402 3513 dam
427 3450 514 3514 locos
540 3448 733 3515 difficiliores
757 3449 1022 3514 Montanistarum
1049 3454 1081 3515 et
1107 3449 1358 3514 Novatianorum
1389 3448 1553 3512 erroribus

328 3534 435 3600 favere
449 3535 626 3600 videbatur.

413 3621 564 3685 Attamen
580 3622 658 3686 haec
674 3619 906 3701 antilegomena
921 3619 1150 3700 antiquissimis
1165 3618 1362 3700 temporibus
1377 3636 1439 3681 non
1459 3617 1552 3682 abso-

328 3706 396 3779 lute
410 3706 529 3786 ubique
543 3706 684 3771 locorum
700 3725 718 3770 e
733 3725 851 3770 canone
867 3710 958 3770 erant
974 3706 1116 3784 exclusa3
1135 3704 1242 3785 potius
1258 3703 1381 3785 singula
1395 3703 1427 3767 in
1444 3705 1557 3784 singu-¹

329 3791 368 3854 lis
384 3790 525 3856 ecclesiis
540 3792 657 3871 partim
672 3791 789 3873 agnita,
805 3792 922 3871 partim
938 3790 1064 3870 publice
1078 3790 1174 3868 lecta,
1190 3790 1223 3853 in
1237 3789 1399 3870 plerisque
1414 3789 1550 3870 cognita,

330 3881 394 3941 eta
409 3876 565 3941 nonnullis
581 3877 763 3941 doctoribus
778 3877 810 3941 in
825 3876 953 3956 scriptis
969 3876 1098 3954 citata,²
1114 3879 1147 3939 et
1160 3875 1220 3939 hac
1235 3875 1358 3939 ratione
1373 3874 1424 3938 via
1436 3877 1551 3954 parata

329 3963 372 4027 ad
387 3981 425 4026 ea
439 3962 558 4042 ubique
572 3962 762 4042 recipienda,
779 3963 864 4043 quod
879 3980 955 4026 vero
970 3981 1032 4026 non
1048 3961 1243 4042 singulomm
1255 3960 1384 4041 jndicio,
1400 3960 1459 4024 sed
1471 3961 1550 4023 duce

399 4239 408 4269 1
427 4235 452 4288 S.
465 4232 619 4300 Hieronym.
633 4247 673 4298 ep.
687 4231 720 4283 ad
733 4231 849 4284 Dardan.
862 4231 912 4285 hoc
924 4237 1048 4298 respectu
1065 4230 1114 4283 ait:
1139 4229 1255 4298 „Quodsi
1272 4245 1330 4282 eam
1349 4230 1403 4296 (ep.
1421 4228 1455 4281 ad
1468 4227 1547 4294 Hebr.

330 4303 504 4356 ecclesiarum
524 4315 681 4369 graecarum
702 4300 814 4353 lectione
837 4299 1011 4365 celebratam)
1029 4298 1184 4352 Latinorum
1204 4297 1367 4352 consuetudo
1383 4312 1435 4350 non
1455 4294 1549 4362 recipit

330 4372 400 4424 inter
415 4371 561 4438 scripturas
580 4368 732 4422 canonicas:
757 4385 806 4421 nec
819 4368 980 4421 Graecorum
997 4366 1102 4434 quidem
1115 4366 1243 4420 ecclesiae
1255 4365 1427 4434 apocalypsin
1438 4362 1547 4419 Joannis

331 4439 423 4492 eadem
441 4439 564 4493 libertate
582 4437 725 4504 recipiunt3
747 4443 773 4490 et
790 4443 880 4489 tamen
897 4451 944 4489 nos
961 4440 1073 4502 utraque
1091 4435 1263 4516 suscipimus,
1284 4449 1449 4502 nequequam
1468 4431 1546 4500 hujus

330 4507 457 4574 temporis
467 4506 692 4568 consuetudinem,
706 4504 754 4558 sed
765 4511 884 4558 veterum
897 4504 1055 4570 scriptorum
1069 4509 1254 4558 auctontatem
1266 4507 1431 4571 sequentes.“

399 4580 410 4608 ²
428 4574 481 4630 cn.
494 4575 593 4630 Euseb.
606 4574 632 4626 h.
646 4590 668 4630 e.
681 4574 715 4628 II.
728 4574 769 4628 23.
783 4575 831 4628 ΠΙ.
844 4576 868 4626 ⁶2.
881 4574 922 4630 25.
