3356 5176
795 274 1056 338 *54-

312 451 439 510 veteres
461 445 623 508 versiones
645 445 763 510 latinae
786 463 803 509 1
826 444 987 509 codicibus
1009 443 1205 526 aegyptiacis
1231 449 1322 507 ortae
1345 449 1436 522 sunt;
1465 443 1542 506 hinc

312 531 480 612 utriusque
495 535 602 594 textus
618 531 785 595 concordia
799 531 881 594 mira
896 549 966 596 esse
981 531 1099 611 nequit.

396 617 428 699 1)
450 617 488 680 In
503 616 709 681 versionibus.
739 616 810 681 Hae
824 617 1018 681 mutationes
1034 615 1170 696 duplicis
1184 615 1310 696 generis
1326 619 1416 679 sunt:
1438 613 1541 695 origi-

311 702 419 767 nariae
440 708 473 767 et
489 702 691 766 adventitiae.
726 702 925 783 Originariae
939 707 1047 766 textus
1063 701 1146 766 sacri
1160 701 1354 766 mutationes
1368 707 1541 777 vocantur,
1662 751 1663 780 ,

312 805 391 868 quas
412 789 482 868 ipse
502 806 612 853 versor
632 788 751 867 effecit,
775 793 808 852 et
830 806 965 868 quarum
987 787 1037 852 vel
1059 786 1167 867 plures
1189 785 1240 851 vel
1259 786 1428 867 pauciores
1451 792 1541 864 sunt,

311 873 418 953 prouti
432 891 543 938 versor
557 873 658 955 magis
674 873 725 937 vel
739 874 843 938 minus
859 879 929 938 erat
943 879 1112 937 accuratus
1125 878 1158 938 et
1168 873 1300 952 peritus.
1328 871 1542 936 Adventitiae

311 965 417 1023 textus
443 959 635 1023 mutationes
661 963 897 1039 nuncupantur,
928 977 1010 1039 quae
1036 959 1138 1022 serius
1164 958 1198 1022 in
1221 958 1293 1038 ipsa
1317 957 1466 1022 versione
1489 955 1543 1020 vel

311 1044 491 1109 mechanica
510 1043 562 1108 vel
582 1044 758 1109 deliberate
779 1064 796 1108 e
815 1044 919 1109 causis
936 1052 993 1109 aut
1013 1043 1258 1110 hermeneuticis
1273 1048 1329 1108 aut
1344 1041 1542 1124 dogmaticis

311 1135 491 1195 evenerunt.
535 1130 625 1194 Idem
639 1129 744 1195 locum
758 1129 856 1195 habet

397 1216 426 1297 e)
449 1215 482 1280 in
497 1213 630 1279 Petrum
646 1215 768 1295 citatis;
795 1214 986 1297 originariae
1001 1220 1107 1279 textus
1123 1215 1316 1279 mutationes
1336 1219 1427 1294 sunt,
1453 1231 1542 1294 quae
1560 1287 1563 1294 ‚

311 1300 466 1450 {theme
481 1300 521 1450 (fib
536 1301 635 1366 verba
649 1321 712 1366 uon
726 1306 876 1366 accurate
891 1306 1017 1366 retenta
1032 1305 1162 1381 enatae
1184 1301 1393 1381 adventitiae,
1417 1317 1507 1381 quae
1522 1317 1542 1362 a

324 1405 334 1448 1
358 1386 485 1451 rariise
507 1387 608 1452 ’11111

524 1607 686 1682 Historia
703 1614 824 1683 textus
843 1607 937 1682 sacri
963 1608 1008 1709 B)
1026 1607 1124 1702 prelo
1143 1608 1323 1682 submissi.

874 1779 901 1861 1,
924 1780 976 1846 41.

820 1915 1027 1978 conspectus.

399 2071 641 2153 Typographiae
666 2070 805 2135 inventio
830 2071 915 2136 11111
940 2090 1010 2135 111.
1039 2069 1130 2133 1440.
1159 2073 1190 2133 11
1218 2069 1309 2134 1450.
1332 2068 1539 2135 librariorum

313 2175 430 2238 operae
451 2155 546 2220 finem
569 2156 729 2236 imposuit.
778 2156 929 2220 Attamen
953 2156 993 2220 ob
1017 2173 1156 2220 summas
1179 2153 1385 2219 difficultates
1408 2155 1539 2220 criticas

313 2242 416 2306 textui
431 2260 546 2323 graeco
562 2243 664 2306 serius
680 2242 807 2305 demum
822 2240 911 2320 prelo
928 2241 1073 2305 submitti
1088 2237 1237 2322 contigit,
1261 2259 1332 2305 cum
1343 2241 1410 2322 jam
1427 2240 1538 2306 classi-

314 2346 423 2392 corum
438 2346 550 2408 opera,
570 2326 669 2391 biblia
682 2326 833 2391 hebraica
847 2326 884 2390 V.
900 2326 935 2391 F.
950 2333 1013 2407 ter,
1035 2326 1138 2392 versio
1149 2326 1290 2408 Vulgata
1305 2332 1338 2391 et
1351 2327 1535 2408 germanica

313 2413 460 2493 repetitis
481 2413 603 2478 vicibus
625 2412 710 2493 typis
731 2417 837 2476 essent
852 2431 976 2477 excusa.
1013 2411 1155 2476 Primum
1169 2431 1251 2477 anno
1267 2412 1358 2476 1486,
1374 2413 1534 2476 canticum

313 2499 436 2563 Mariae
452 2505 485 2563 et
496 2499 669 2563 Zachariae
681 2496 879 2579 (Magnificat
894 2503 927 2562 et
938 2498 1155 2580 Benedictus),
1171 2505 1204 2562 et
1218 2517 1299 2563 anno
1316 2498 1407 2563 1504.
1430 2498 1535 2562 Vene-

312 2584 367 2648 tiis
383 2603 446 2648 una
462 2602 533 2648 cum
548 2583 705 2649 Psalterio
720 2584 824 2664 prima
839 2601 894 2648 sen
909 2584 1015 2664 capita
1037 2583 1190 2666 evangelii
1210 2601 1234 2647 1.
1250 2584 1383 2648 Joannis
1406 2584 1536 2663 prodie-

264 2709 267 2716 ·
314 2676 403 2749 runt,
427 2675 458 2734 et
480 2669 625 2751 pluribus
648 2670 774 2733 demum
796 2669 886 2734 annis
908 2669 1025 2750 elapsis
1040 2670 1140 2736 totius
1155 2669 1193 2732 N.
1210 2669 1244 2733 T.
1261 2669 1416 2734 editiones
1430 2669 1536 2734 lucem

315 2761 562 2836 conspexerunt,
585 2773 667 2836 quae
686 2755 873 2820 dividuntur
886 2755 920 2819 in
935 2755 1090 2821 editiones
1105 2755 1264 2837 principes
1280 2762 1313 2819 et
1327 2755 1536 2835 antiquiores,
1664 2803 1665 2806 1

314 2842 347 2905 11
361 2841 432 2906 illas
447 2847 554 2907 textus
569 2841 690 2921 recepti
705 2846 737 2905 et
750 2841 783 2904 in
799 2841 934 2906 criticas.

359 2939 360 2942 ’
399 2929 436 2992 11
451 2927 659 3010 sequentibus
673 2927 783 3008 itaque
798 2945 929 3008 agemus

467 3015 491 3078 I.
519 3014 559 3078 de
575 3013 715 3093 antiquis
730 3018 837 3077 tentus
850 3031 873 3077 a.
886 3012 1097 3076 monumentis
1110 3030 1167 3076 seu
1179 3013 1219 3076 de
1231 3013 1373 3093 ejusdem
1384 3009 1535 3090 1111111111,

518 3100 537 3163 1.
555 3118 580 3164 1.
597 3100 637 3163 de
653 3098 823 3178 codicibus,
839 3097 1037 3162 versionibus
1053 3104 1086 3162 et
1099 3098 1234 3161 Patrum
1249 3097 1372 3176 citatis;

449 3186 489 3250 ΙΙ.
518 3185 558 3248 de
573 3191 643 3248 arte
658 3183 768 3248 critica
783 3202 841 3248 seu
856 3183 897 3248 de
911 3182 1030 3264 regulis
1045 3184 1088 3247 ad
1107 3189 1231 3247 tentum
1251 3202 1376 3248 sacrum
1399 3182 1536 3263 origina-

519 3269 587 3334 riae
601 3269 736 3350 puritati
751 3269 1000 3347 restituendum3

432 3357 489 3420 III.
519 3354 652 3435 deipsis
668 3354 870 3434 editionibus,
894 3360 926 3420 11
941 3354 1070 3435 quidem
1085 3355 1125 3418 de
1137 3352 1329 3418 editionibus
1340 3352 1536 3434 principibus

521 3447 553 3505 11
568 3439 817 3521 antiquioribus,
841 3441 881 3505 de
897 3439 1090 3505 editionibus
1104 3445 1212 3504 textus
1227 3440 1348 3520 recepti
1364 3444 1396 3503 et
1412 3439 1452 3503 de
1473 3438 1536 3503 edi-

520 3526 662 3591 tionibus
679 3525 806 3590 criticis

482 3749 539 3821 De
557 3747 712 3843 antiquis
730 3754 852 3822 textus
870 3769 899 3821 s.
918 3745 1164 3841 monumentis,
1184 3745 1378 3841 etquidem

709 3921 752 4003 A)
775 3920 825 3984 De
841 3919 1002 3985 codicibus
1022 3919 1155 4001 graecis.

878 4098 906 4180 ξ.
930 4099 981 4164 48.

807 4226 1056 4296 Prebmonenda.
1309 4285 1318 4320 x

405 4379 565 4447 Numerus
583 4381 740 4459 codicum,
764 4381 819 4461 qui
833 4382 998 4462 hucusque
1014 4379 1233 4458 innotuerunt,
1257 4377 1364 4444 collati
1380 4385 1454 4444 sunt
1473 4384 1504 4443 et
1523 4395 1541 4440 a
1651 4359 1661 4616 Ι

321 4465 449 4531 saeculo
464 4467 517 4531 IV.
534 4485 637 4547 usque
652 4467 694 4530 ad
709 4466 792 4531 XVI.
809 4468 850 4531 ad
871 4485 928 4531 nos
950 4471 1179 4547 pervenerunt,
1203 4464 1423 4546 septingentos
1443 4471 1541 4528 trans-

321 4551 436 4616 cendit.
482 4553 525 4615 Hi
537 4553 605 4634 jam
622 4551 746 4617 codices
