3314 5166
641 345 924 412 —149—

166 516 334 597 stolorum,
352 520 385 582 et
395 516 543 600 inspecie
555 515 695 584 Thomas
706 517 940 599 incredulitate,
956 537 1051 600 quarn
1062 519 1282 600 prodiderunt,
1298 536 1396 600 quum

165 601 210 666 de
233 600 352 668 Christi
371 603 605 669 resurrectione
626 602 743 669 famam
767 608 799 669 et
820 604 966 669 nuntium
992 605 1206 684 audivissent,
1232 604 1296 670 imo
1323 623 1394 670 cum

164 686 326 755 Dominus
340 688 411 772 ipse
426 689 472 756 eis
487 695 659 772 appareret
674 689 739 771 (Jo.
755 689 807 770 20,
824 690 959 792 19—29.
974 691 1050 756 Luc.
1067 689 1118 770 24,
1136 690 1295 772 13-43.).

721 910 749 992 s.
771 910 843 976 102.

273 1047 423 1111 Apostoli
434 1047 544 1099 idonei
556 1050 650 1100 arant
659 1048 693 1112 b)
707 1047 887 1100 characteri
898 1045 920 1098 J
922 1059 976 1098 esu
989 1047 1052 1098 rita
1064 1047 1292 1128 cognoscendo.

255 1200 306 1265 Ad
321 1202 539 1268 characterem
553 1201 689 1267 hominis
704 1203 767 1268 rite
782 1201 1036 1284 cognoscendum
1051 1200 1226 1283 requiritur
1244 1201 1396 1267 diutuma

161 1292 203 1352 et
218 1286 383 1352 familiaris
407 1306 478 1353 cum
501 1307 538 1353 eo
560 1289 774 1368 conversatio,
801 1295 833 1352 et
853 1288 1094 1352 accuratissima
1117 1288 1186 1369 eJus
1204 1287 1238 1352 in
1260 1288 1395 1352 diversis

159 1372 329 1456 adjunctis
345 1373 470 1456 agentis
486 1374 676 1439 observatio.
704 1374 778 1440 Jam
793 1392 868 1438 vero
883 1372 1031 1454 Apostoli
1045 1393 1104 1454 per
1117 1373 1290 1438 triennium
1303 1372 1394 1438 fami-

159 1459 340 1525 liarissimo
356 1459 376 1523 J
378 1477 435 1524 esu
449 1457 639 1524 fruebantur
653 1458 821 1539 consortio,
841 1462 874 1524 et
890 1459 1105 1540 evangelistae
1121 1477 1193 1524 eum
1208 1478 1394 1540 repraesen-

159 1549 241 1609 tant
255 1544 287 1609 in
298 1544 523 1610 diversissimis
534 1545 692 1628 adjunctis
704 1550 851 1628 agentem
862 1544 1117 1626 patientemque;
1133 1565 1204 1610 mox
1220 1544 1303 1610 enim
1322 1564 1394 1610 cum

78 1695 84 1710 ,
159 1631 288 1695 sistunt
301 1631 398 1695 rudes
414 1631 596 1711 docentem,
612 1650 684 1695 mox
699 1650 770 1696 cum
783 1631 916 1695 eruditis
931 1629 1058 1711 publice
1074 1635 1107 1695 et
1121 1630 1270 1711 privatim
1285 1630 1394 1713 dispu-

159 1720 306 1795 tantem;
322 1734 395 1780 mox
411 1734 482 1781 cum
492 1716 714 1797 peccatoribus
726 1722 783 1782 aut
794 1713 921 1780 infimae
931 1715 1035 1798 plebis
1045 1715 1226 1781 hominibus
1237 1722 1393 1798 agentem,

158 1821 242 1866 mox
258 1820 329 1866 cum
342 1801 453 1883 probis
469 1806 526 1866 aut
541 1821 612 1867 cum
631 1803 741 1883 populi
762 1801 956 1884 primoribus
978 1805 1235 1882 conversantem3
1259 1821 1331 1866 mox
1352 1804 1394 1866 ad

158 1906 302 1970 regnum
317 1892 479 1952 terrenum
496 1888 726 1969 capessendum
742 1886 963 1966 sollicitatum,
986 1907 1058 1951 mox
1074 1886 1240 1952 calumniis
1264 1892 1296 1952 et
1321 1905 1393 1952 con-

159 1972 308 2038 tumeliis
323 1973 461 2052 laesum;
476 1992 560 2038 nunc
575 1973 713 2038 omnium
728 1972 877 2038 laudibus
893 1972 1098 2052 celebratum,
1114 1991 1197 2036 nunc
1211 1971 1263 2036 vel
1277 1971 1317 2036 ab
1330 1991 1393 2050 uno

163 2077 186 2124 3
203 2057 271 2123 suis
285 2059 464 2139 proditum,
492 2059 532 2123 ab
548 2059 649 2124 altero
665 2065 832 2141 negatum,
859 2058 899 2122 ab
916 2058 1062 2122 omnibus
1078 2058 1283 2137 derelictum;
1309 2077 1394 2123 nunc

160 2144 365 2210 Judaeorum
381 2163 498 2226 regem,
516 2143 675 2227 Messiam,
693 2144 876 2224 salutatum,
893 2143 1129 2225 solenniterque
1143 2143 1176 2208 in
1190 2143 1405 2224 metropolim

159 2230 400 2310 introductum,
423 2248 506 2295 nunc
520 2249 541 2295 a
556 2229 783 2296 malevolorum
798 2230 928 2296 cohorte
944 2234 1088 2312 captum,
1104 2229 1144 2294 ab
1160 2228 1288 2312 injustis
1304 2230 1393 2293 dam-

162 2321 288 2396 natum,
303 2315 513 2398 ignominioso
529 2316 632 2381 crucis
648 2316 804 2398 supplicio
819 2313 977 2381 affectum.
1019 2315 1122 2396 Saepe
1138 2315 1236 2380 etiam
1252 2315 1392 2396 consilia,

163 2420 252 2483 quae
267 2402 531 2483 prosequebatur,
548 2406 581 2468 et
591 2402 755 2484 principia,
773 2402 889 2484 quibus
908 2420 999 2466 suam
1017 2401 1133 2484 agendi
1149 2401 1306 2474 rationem
1320 2419 1393 2464 con-

161 2485 336 2569 formabat,
352 2488 472 2553 diserte
488 2492 658 2571 exponunt,
676 2493 707 2553 et
722 2489 753 2553 in
768 2488 818 2553 his
834 2487 979 2553 omnibus
992 2487 1152 2552 dehneant
1165 2487 1391 2567 characterem,

166 2573 226 2654 qui
239 2572 321 2638 ideis
337 2572 358 2638 J
359 2574 535 2639 udaeorum
549 2574 735 2656 vulgaribus
751 2575 791 2640 de
806 2574 926 2639 Messia
940 2573 972 2637 in
987 2572 1133 2654 pluribus
1148 2593 1210 2639 non
1228 2573 1392 2639 convenie-

163 2658 234 2746 bat.
278 2658 340 2735 Qui
351 2659 418 2741 jam
433 2660 476 2724 ad
490 2663 540 2724 tot
554 2664 715 2726 momenta
729 2661 816 2725 vitae
830 2659 851 2725 J
853 2678 910 2725 esu
925 2659 1042 2724 attenti
1062 2664 1169 2740 erant,
1196 2663 1229 2724 et
1251 2678 1313 2724 non
1336 2656 1392 2724 ob-

164 2743 328 2809 stantibus
352 2746 592 2827 praeconceptis
619 2745 819 2827 opinionibus
849 2746 915 2810 suis
941 2744 1079 2826 judaicis
1108 2744 1165 2809 tali
1194 2745 1288 2810 modo
1320 2763 1391 2808 eum

163 2834 410 2912 repraesentare
424 2835 590 2913 poterant:
612 2831 709 2896 iidem
725 2831 871 2911 dotibus,
890 2831 933 2895 ad
955 2829 1172 2894 characterem
1188 2829 1308 2896 Christi
1329 2831 1392 2894 rite

165 2917 422 2999 cognoscendum
446 2917 635 2982 necessariis
660 2917 798 2997 praediti
825 2915 888 2980 dici
913 2914 1044 2994 debent;
1072 2933 1164 2979 secus
1191 2915 1274 2979 enim
1298 2934 1391 2981 nemo

163 3001 262 3084 plane
277 3001 494 3068 characterem
509 3001 641 3067 alterius
657 3002 875 3086 cognoscendo
890 3001 1023 3065 idoneus
1037 2999 1150 3064 haberi
1164 3005 1283 3080 posset.

254 3085 398 3172 objectio.
422 3087 486 3154 sed
500 3086 625 3169 nimius,
642 3106 705 3169 quo
714 3087 862 3168 Apostoli
873 3087 893 3151 J
896 3105 984 3152 esum
999 3086 1285 3167 prosequebantur,
1301 3104 1391 3150 amor

164 3191 229 3238 non
243 3175 372 3254 poterat
385 3192 448 3238 non
463 3171 604 3254 efficere,
626 3178 663 3238 ut
677 3174 719 3238 ad
734 3173 798 3239 alia
812 3173 906 3256 plane
921 3190 983 3237 non
997 3173 1216 3253 attendentes,
1236 3171 1299 3238 alia
1314 3191 1389 3237 vero

160 3259 251 3340 justo
267 3257 434 3340 benignius
449 3258 697 3340 interpretantes
712 3258 958 3341 impedirentur,
982 3258 1150 3340 quominus
1174 3257 1389 3323 characterem

164 3343 313 3426 magistri
328 3344 377 3408 sui
392 3344 454 3410 rite
469 3350 704 3427 cognoscerent.

252 3429 347 3515 Resp.
371 3430 518 3511 Apostoli
533 3431 704 3496 tenerrimo
720 3429 850 3513 quidem
865 3434 898 3496 et
913 3447 1036 3495 summo
1048 3448 1156 3494 amore
1167 3428 1287 3494 addicti
1299 3433 1391 3495 erant

166 3513 305 3596 Christo,
322 3519 355 3580 et
369 3534 446 3582 sane
460 3516 534 3582 tahs
549 3517 695 3599 magistri
711 3517 879 3596 consortio,
895 3515 986 3581 tanta
1002 3515 1071 3596 ejus
1086 3514 1227 3580 amicitiai
1243 3519 1275 3580 et
1287 3514 1390 3580 chari-

164 3605 243 3681 tate,
260 3605 412 3682 quantam
427 3620 496 3667 eam
512 3602 681 3683 delineant,
697 3603 825 3667 minime
838 3599 974 3666 fuissent
988 3601 1085 3683 digni,
1101 3600 1162 3666 nisi
1177 3599 1389 3668 sincerissimo

165 3705 276 3752 amore
292 3706 365 3752 emn
380 3692 487 3752 essent
502 3688 655 3769 amplexi3
678 3707 788 3753 verum
803 3704 944 3752 amorem
957 3686 1041 3751 hunc
1057 3705 1111 3751 333
1126 3705 1329 3768 nequaquam
1343 3688 1390 3752 ita

165 3773 374 3852 obcoecasse,
400 3777 436 3836 ut
459 3778 574 3839 cuncta
594 3773 718 3839 meliori
739 3773 771 3838 in
795 3771 1127 3853 luceconspiccrent,
1154 3776 1187 3838 et
1212 3773 1390 3855 generatim

166 3858 385 3924 characterem
400 3859 545 3941 magistri
561 3861 612 3924 sui
622 3860 711 3942 justo
730 3858 898 3942 benignius
919 3857 1147 3940 dijudicarent:
1170 3859 1255 3925 clare
1275 3861 1390 3924 docent

164 3942 275 4026 plures
289 3942 328 4008 N.
344 3944 379 4008 T.
394 3944 469 4025 loci,
486 3964 503 4010 3
519 3945 634 4026 quibus
650 3945 814 4026 discimus,
830 3944 871 4009 ab
887 3942 1050 4026 Apostolis
1066 3963 1120 4026 ea,
1144 3964 1227 4026 quae
1243 3944 1389 4010 Christus

165 4029 296 4095 dicebat
310 4033 343 4095 et
358 4030 484 4113 agebat,
500 4049 703 4112 nequaquam
718 4048 811 4096 coece
826 4049 897 4096 esse
912 4028 1101 4112 adprobata,
1116 4030 1180 4094 imo
1192 4030 1279 4112 ipsos
1292 4049 1389 4111 saepe

165 4115 326 4180 diversam
339 4115 529 4181 sententiam
539 4117 690 4198 tenuisse,
703 4134 837 4197 eamque
847 4115 948 4182 libere
958 4113 1103 4196 profiteri
1114 4117 1201 4181 haud
1213 4115 1387 4190 dubitasse.

166 4200 218 4266 Sic
235 4201 293 4266 Mt.
311 4201 360 4282 15,
378 4200 427 4265 12.
471 4200 584 4267 Jesum
598 4207 735 4282 monent,
761 4201 952 4267 Pharisaeos
967 4201 1068 4283 ipsius
1083 4202 1189 4266 verbis
1206 4200 1388 4268 333331133-

166 4304 236 4366 sos,
260 4287 347 4368 quod
361 4287 446 4353 idem
462 4291 531 4367 esta
547 4306 585 4352 ac
601 4288 628 4353 si
643 4287 811 4353 dixissent:
833 4287 904 4352 Non
920 4288 999 4352 satis
1014 4288 1189 4367 prudenter
1203 4288 1329 4352 locutus
1345 4305 1388 4351 es.

166 4371 245 4436 Ibid.
263 4373 313 4453 16,
328 4372 379 4438 22.
401 4373 527 4453 Petrus
543 4392 642 4454 quum
656 4374 677 4438 J
679 4391 752 4439 esus
767 4372 947 4454 passionem
963 4377 996 4440 et
1009 4377 1145 4438 mortem
1158 4371 1388 4454 Hierosolymis

166 4456 228 4522 sibi
241 4457 416 4524 instantem
430 4459 658 4542 praedixisset,
686 4460 715 4526 ei
729 4460 790 4527 hoc
804 4458 992 4525 dissuadere
1014 4476 1077 4524 non
1097 4458 1285 4540 verebatur,
1313 4457 1389 4540 quia

83 4549 86 4554 '
167 4541 324 4624 ejusmodi
338 4549 457 4611 sortem
472 4545 610 4611 Messias
631 4545 760 4612 minime
780 4539 947 4612 convenire
968 4542 1189 4628 opinabantur.
1226 4544 1276 4610 Jo.
1292 4545 1321 4625 6,
1337 4545 1387 4608 60.

168 4626 315 4712 discipuli
332 4636 443 4713 aperte
466 4631 642 4712 declarant,
669 4631 784 4697 durum
807 4649 877 4698 esse
893 4629 1012 4698 Christi
1031 4648 1210 4697 sermonem
1230 4632 1272 4697 de
1293 4647 1388 4698 carne
1440 4690 1444 4696 .
