3364 5156
767 267 1053 332 -170—

298 437 405 520 posita
420 443 507 518 erat,
530 442 563 504 ct
577 457 648 504 eam
662 437 783 504 referre
797 437 843 502 1111
866 457 904 503 eo
918 438 1022 520 magis
1036 436 1232 521 superfluum
1246 437 1431 517 videbatur,
1455 457 1524 502 cum

295 523 363 605 jam
389 523 556 590 historiam
580 525 791 589 resuscitatae
815 522 902 589 filiae
927 524 1009 588 Jairi
1035 543 1060 589 e.
1083 525 1112 588 9.
1135 524 1308 589 retulisset.
1351 523 1525 590 Praeterea

299 608 492 690 quibusdam
505 609 759 692 apparitionibus
772 609 892 674 Christi
907 609 1040 675 redivivi
1054 610 1193 675 narratis
1205 609 1375 675 ostendere
1390 608 1525 675 sufficie

298 694 372 775 bat,
400 714 487 775 eum,
514 701 550 760 ut
572 696 711 762 Messias
734 695 942 761 conveniebat
965 701 999 760 st
1020 701 1058 759 ut
1076 695 1146 777 ipse
1166 695 1386 777 praedixerat,
1414 713 1528 761 revera

298 781 512 848 resurrexisse
526 781 700 847 amortuis.
731 781 752 847 J
754 799 844 848 esum
859 781 912 846 die
922 782 973 845 40.
988 786 1064 862 post
1078 782 1345 847 resurrectionem
1358 781 1392 846 in
1404 780 1528 846 coelum

298 867 481 933 ascendisse
490 866 680 932 Christianis
690 865 981 949 palaestinensibus
992 885 1138 933 asserere
1148 866 1243 950 plane
1255 885 1529 949 supervacaneum

298 951 427 1033 fixisset,
450 971 522 1018 cum
538 972 647 1018 omnes
662 953 794 1031 scirent,
818 972 890 1018 eum
913 971 1017 1034 neque
1037 953 1070 1017 in
1093 952 1262 1034 sepulchro
1277 954 1439 1018 custodito
1455 971 1528 1018 esse

298 1037 469 1118 inventum,
485 1056 589 1119 neque
604 1038 707 1104 serius
722 1057 742 1104 a
757 1039 896 1119 quodam
910 1037 942 1103 in
958 1043 1046 1105 terra
1059 1038 1161 1104 Israel
1175 1039 1287 1118 visum,
1303 1056 1407 1119 neque
1422 1040 1529 1104 denuo

297 1127 522 1188 mortuum-
534 1124 735 1190 Matthaeum
750 1123 949 1190 activitatem
960 1124 980 1188 J
982 1142 1040 1189 esu
1054 1125 1224 1189 maximam
1239 1129 1365 1205 partem
1380 1125 1423 1188 ad
1439 1124 1529 1188 Gali-

297 1207 400 1273 laeam
426 1209 607 1292 restringit,
638 1210 714 1291 quia
740 1209 862 1289 coll.4,
887 1210 935 1274 13.
959 1228 1047 1291 seqq.
1073 1211 1244 1275 ostendere
1268 1209 1384 1289 voluit,
1415 1209 1531 1276 lesum

297 1294 503 1375 respondisse
521 1295 671 1361 vaticinio
686 1296 727 1360 Is.
744 1296 773 1374 8,
788 1295 839 1359 23.
859 1329 902 1340 -
925 1295 1077 1360 Messiam
1098 1296 1141 1360 ad
1160 1295 1244 1361 festa
1263 1295 1391 1360 diversa
1412 1295 1531 1360 Hiero·

98 1439 101 1446 l
183 1397 185 1400 ·
298 1379 453 1459 solymam
476 1398 547 1446 esse
561 1380 793 1461 profecturum,
817 1399 837 1444 a
858 1380 1024 1462 prophetis
1046 1401 1109 1446 non
1128 1380 1430 1462 eratpraedictum3
1455 1380 1531 1446 hinc

299 1484 323 1530 s.
337 1465 523 1530 Matthaeus
537 1466 653 1532 itinera
666 1465 722 1531 illa
734 1468 846 1532 eodem
858 1467 931 1548 jure
943 1465 1071 1532 silentio
1080 1467 1307 1549 praetermisit,
1323 1485 1386 1548 quo
1398 1466 1533 1532 reticuit

298 1550 379 1616 lesu
405 1550 676 1618 circumcisionem
702 1556 734 1618 et
760 1551 954 1618 oblationem
977 1552 1165 1634 intemplo.
1209 1552 1357 1633 Denique
1383 1551 1532 1633 quamvis

299 1636 484 1702 Matthaeus
499 1636 696 1704 activitatem
711 1638 792 1703 Jesu
812 1638 1058 1719 praecedentem
1073 1638 1105 1703 in
1121 1637 1142 1702 J
1143 1639 1248 1704 udaea
1269 1658 1332 1703 non
1347 1637 1532 1719 descripsit,

299 1740 370 1787 eam
392 1726 500 1788 tamen
522 1722 703 1803 coll.4,12.
724 1743 787 1789 non
809 1722 957 1804 exclusit,
983 1723 1030 1790 ita
1055 1728 1092 1789 ut
1114 1723 1324 1789 relationibus
1347 1743 1372 1789 1.
1394 1723 1532 1789 Joannis

299 1825 325 1873 c.
344 1807 435 1873 1-4.
451 1809 578 1875 omnino
594 1809 637 1874 sit
652 1809 749 1876 locus.

382 1892 434 1958 Ad
448 1894 477 1959 5.
499 1894 608 1960 Etiam
620 1895 672 1961 hie
682 1894 848 1974 asseritur,
864 1894 953 1975 quod
962 1912 1025 1960 non
1035 1894 1200 1975 probatur.
1232 1893 1534 1959 Gombinationibus

298 1979 483 2046 Matthaeus
497 1979 631 2045 indulsit
646 1981 776 2061 quidem
791 1984 933 2061 eatenus,
949 1986 1108 2061 quatenus
1125 1979 1211 2046 fucta
1226 1979 1342 2044 similia
1357 1979 1534 2062 conjungit,

299 2070 332 2130 et
355 2083 392 2130 ex
413 2065 454 2132 iis
476 2066 589 2132 lesum
614 2065 741 2131 oriterio
768 2065 926 2132 messiano
952 2066 1157 2146 respondisse
1180 2065 1337 2144 ostendit,
1365 2085 1428 2130 non
1453 2083 1533 2129 vero

298 2156 458 2232 quatenus
484 2157 617 2216 eventus
642 2151 729 2232 ipsos
754 2155 787 2216 et
808 2150 895 2216 lacta
916 2151 1009 2233 juxta
1030 2151 1261 2233 prophetarum
1283 2150 1435 2216 vaticinia
1457 2168 1534 2215 con·

298 2233 451 2302 finxisset.
497 2236 619 2314 Quodsi
632 2236 750 2317 reliqui
764 2236 980 2317 evangelistae
995 2236 1098 2302 solum
1113 2236 1247 2302 asellum
1262 2236 1443 2315 nominant,
1467 2254 1534 2317 quo

300 2321 397 2386 Jcsus
411 2327 523 2388 vectus
546 2321 802 2403 Hierosolymam
824 2321 997 2388 solenniter
1019 2322 1164 2403 intravit,
1188 2321 1374 2387 Matthaeus
1396 2341 1473 2387 vero
1496 2325 1532 2386 et

300 2405 423 2472 asinam
439 2413 472 2473 et
486 2406 609 2488 pullum
624 2408 782 2473 adductos
797 2425 868 2473 esse
884 2407 1010 2472 scribit:
1034 2409 1094 2474 hoc
1109 2408 1211 2473 solum
1227 2406 1387 2488 sequitur,
1403 2426 1478 2472 eum
1492 2411 1531 2470 ut

300 2497 417 2558 testem
429 2493 591 2559 oculatum
606 2512 674 2558 rem
685 2511 843 2573 narrasse,
860 2498 896 2557 ut
908 2498 1067 2574 evenerat,
1082 2511 1145 2558 non
1156 2498 1265 2560 autem
1279 2492 1435 2558 historiae
1445 2491 1531 2558 veri·

300 2582 401 2642 tatem
415 2579 448 2643 in
462 2577 605 2644 favorem
619 2579 681 2644 loci
695 2578 789 2644 Zach.
806 2579 836 2658 9,
852 2579 881 2643 9.
896 2578 1037 2644 laesisse.

386 2664 437 2727 Ad
453 2664 482 2728 6.
505 2664 731 2730 Narrationem
742 2664 916 2730 Matthaei:
931 2664 1087 2730 moriente
1099 2664 1226 2730 Christo
1242 2669 1447 2730 monumenta
1458 2681 1534 2729 esse

299 2755 426 2830 aperta,
449 2755 483 2816 et
496 2750 598 2816 multa
613 2769 748 2831 corpora
763 2756 961 2829 sanctornm,
983 2751 1039 2832 qui
1053 2750 1263 2831 dormierant,
1288 2749 1482 2829 surrexisse,
1498 2754 1534 2814 et

300 2854 447 2917 egressos
462 2837 503 2903 de
517 2836 730 2902 monumentis
745 2842 819 2917 post
834 2837 1101 2902 resurrectionem
1112 2836 1240 2902 Domini
1250 2835 1376 2902 venisse
1390 2834 1423 2900 in
1438 2853 1533 2900 sanc·

299 2927 366 2987 tam
381 2923 545 2988 civitatem
560 2926 594 2988 et
608 2923 798 3004 apparuisse
817 2922 940 3001 multis;
961 2957 1005 2968 -
1024 2922 1254 3001 narrationem,
1278 2922 1426 3002 inquam,
1448 2921 1533 2986 hane

299 3008 443 3089 mythum
469 3007 593 3073 nonnisi
618 3008 673 3073 ille
697 3008 817 3073 habere
843 3013 967 3088 potest,
997 3008 1053 3088 qui
1078 3013 1135 3072 aut
1161 3026 1270 3074 crasso
1300 3006 1531 3074 materialismo

298 3093 482 3174 immersus,
506 3098 563 3158 aut
581 3112 700 3160 vesano
719 3093 921 3174 pantheismo
941 3092 1133 3159 obcoecatus
1149 3093 1234 3158 omni
1249 3110 1345 3158 sensu
1366 3091 1532 3174 religionis

299 3180 525 3261 mysteriorum
536 3184 639 3258 caret;
655 3179 712 3261 qui
726 3184 835 3244 autem
851 3179 920 3258 soit,
937 3179 1009 3260 quis
1025 3184 1058 3245 et
1072 3178 1176 3260 qualis
1190 3177 1288 3244 fuerit
1301 3177 1365 3257 ille,
1380 3178 1423 3242 ad
1439 3178 1532 3258 cujus

299 3271 436 3331 mortem
461 3265 633 3346 lugendam
662 3269 695 3330 et
724 3265 766 3329 ad
795 3263 885 3344 cujus
914 3264 1181 3330 resurrectionem
1207 3263 1450 3330 contestandum
1475 3263 1533 3328 illa

299 3351 453 3416 nriracula
476 3355 666 3416 evenerunt:
696 3350 776 3416 haec
798 3367 861 3414 non
883 3353 1008 3418 tantum
1029 3349 1196 3431 possibilia
1218 3354 1372 3432 agnoscet
1395 3353 1428 3414 et
1451 3348 1533 3414 Jesu

301 3435 429 3502 Christo
445 3437 551 3519 digna,
568 3437 626 3502 sed
642 3435 738 3501 etiam
754 3434 920 3500 Matthaeo
934 3436 1092 3501 asserenti
1108 3441 1141 3502 et
1155 3434 1188 3499 in
1202 3453 1297 3500 usum
1311 3433 1532 3500 Palaestinen-

299 3521 382 3587 sium
398 3521 551 3588 scribenti
566 3521 662 3587 fidem
674 3519 799 3586 firmam
813 3520 1199 3600 habebitrMatthaeus
1211 3522 1292 3586 duos
1308 3521 1533 3588 daemoniacos

299 3606 486 3674 Gadarenos
499 3614 532 3674 et
544 3609 625 3674 duos
637 3625 749 3674 coecos
761 3606 783 3672 J
784 3606 1000 3672 erichuntinos
1016 3606 1128 3672 alesu
1143 3610 1274 3678 sanatos
1289 3605 1441 3684 nominat,
1457 3605 1534 3686 quia

298 3711 411 3758 revera
433 3693 497 3758 duo
520 3698 612 3759 erant
634 3691 848 3773 daemoniaci,
870 3711 1006 3773 quorum
1029 3697 1138 3758 autem
1158 3692 1287 3757 Marcus
1310 3695 1343 3756 et
1363 3691 1469 3756 Lucas
1492 3690 1532 3755 ob

298 3777 493 3859 peculiarem
513 3797 644 3860 scopum
667 3778 793 3844 nonnisi
816 3796 915 3841 unum
936 3782 1200 3858 commemorant,
1223 3780 1338 3858 utpote
1352 3781 1533 3842 memoratu

299 3863 513 3946 digniorem31
529 3864 641 3930 eadem
657 3883 695 3930 ex
711 3863 808 3930 causat
821 3863 950 3929 Marcus
964 3863 1059 3930 unius
1074 3867 1200 3928 tantum
1217 3861 1303 3930 caeci
1318 3861 1339 3926 J
1341 3860 1533 3928 ericbuntiui

300 4003 498 4011 ——--—·—.-

368 4087 376 4117 ¹
395 4082 476 4137 Teste
488 4081 627 4136 Matthaeo
639 4082 691 4136 duo
704 4081 870 4138 daemoniaci
881 4097 896 4136 e
909 4081 1060 4152 sepulchris
1072 4081 1174 4151 egressi
1192 4080 1270 4136 valde
1293 4084 1370 4134 erant
1386 4077 1491 4132 feroces
1508 4085 1536 4132 et

297 4151 408 4220 proinde
425 4151 581 4220 periculosi3
603 4155 659 4216 ast,
681 4156 713 4204 ut
723 4151 834 4205 Marcus
854 4157 881 4204 et
893 4151 982 4204 Lucas
998 4149 1133 4215 referunt,
1154 4150 1260 4203 nonnisi
1271 4163 1341 4202 unus
1354 4147 1469 4216 longiori
1477 4147 1534 4226 jam

296 4226 417 4289 tempore
430 4235 446 4274 a
458 4221 551 4275 multis
564 4219 738 4274 daemonibus
752 4225 812 4274 erat
824 4220 962 4283 obsessus,
984 4218 1023 4272 ita
1034 4224 1064 4272 nt
1077 4233 1156 4299 saepe
1169 4219 1202 4272 ab
1216 4218 1248 4272 iis
1261 4221 1402 4284 correptus
1415 4230 1534 4270 mamoas

297 4295 325 4344 et
355 4289 454 4354 edicas,
476 4290 572 4358 quibus
585 4303 647 4342 eum
659 4287 820 4357 ligaverant,
843 4287 1024 4356 confringeret
1036 4292 1286 4354 commmueretque,
1307 4284 1397 4338 nudus
1409 4289 1536 4362 ageretur

297 4357 325 4410 in
336 4306 396 4412 foca
409 4357 524 4425 deserta,
545 4357 592 4413 diu
604 4362 738 4425 noctuque
749 4356 779 4410 in
793 4355 944 4426 sepulchris
963 4355 1030 4410 etin
1041 4355 1175 4410 montibus
1188 4359 1406 4418 commoraretur,
1427 4367 1457 4406 se
1468 4352 1536 4420 lapr-

298 4425 376 4480 dibus
387 4427 573 4493 contunderet,
585 4425 718 4481 clamaret
730 4429 758 4480 et
771 4441 828 4479 nun
847 4439 910 4479 uam
926 4423 1029 4478 domari
1037 4430 1137 4492 posset,
1149 4423 1322 4477 daemonibus
1331 4436 1394 4475 vero
1403 4421 1432 4474 in
1441 4435 1536 4489 porcos

297 4493 425 4561 ingressis
437 4495 551 4575 vestitus
563 4501 591 4550 et
604 4509 685 4548 sanae
702 4493 800 4575 mentis
859 4492 1022 4572 pedredesu
1034 4492 1148 4573 sederet,
1160 4507 1222 4572 eum
1231 4490 1352 4569 comitari
1361 4489 1537 4567 desideraret,

297 4562 332 4616 ab
350 4577 382 4616 eo
399 4577 462 4618 vero
479 4579 586 4633 yassus,
607 4578 675 4632 quae
693 4561 749 4618 srbr
766 4566 918 4627 evenerint,
940 4577 968 4616 ur
984 4566 1042 4616 tota
1057 4561 1223 4631 dlaregrcne
1234 4563 1424 4625 anauncraret,
1444 4570 1537 4624 suoque
