3428 5180
667 335 733 341 -—
775 296 839 361 295
883 333 951 342 --

195 465 329 546 antiqua
344 465 590 546 resmcitarunt,
611 471 703 532 erant
719 464 889 552 Cajernnne
905 465 1002 531 Carni.
1020 471 1053 532 et
1067 465 1224 531 Erasmus
1238 468 1423 534 Roueroda-

195 575 280 633 mno,
303 551 415 632 eisque
428 557 555 632 promto
569 551 674 617 animo
690 570 856 617 assensum
869 552 1088 634 praebuerunt
1102 552 1237 634 Lnther,
1262 551 1375 616 Calm‘n
1391 558 1424 619 et

195 635 302 716 Beza5
329 637 496 701 concihum
515 642 624 701 autem
650 637 785 702 Tm'dent.
807 637 1012 718 antiquorum
1033 638 1274 720 persuasionem
1295 639 1336 702 de
1357 639 1423 719 epi·

194 721 298 790 stolae
320 726 450 786 nostrae
477 721 598 803 origine
621 722 757 788 Paulina
783 728 816 787 et
841 722 1034 788 auctoritate
1060 723 1211 788 canonica
1236 723 1424 804 simphciter

194 805 334 888 repetiit.

750 1025 779 1108 1.
797 973 868 1091 rol.

703 1161 918 1214 Continuatio.

283 1314 450 1379 Paulinam
472 1315 627 1394 epistolae
647 1316 690 1379 ad
704 1314 803 1379 Hebr.
825 1314 979 1396 originem
1000 1333 1071 1379 cum
1093 1313 1179 1378 illius
1193 1315 1424 1395 pecuharitati-

195 1399 257 1464 bus
270 1400 338 1480 jam
353 1399 478 1479 antiqui
494 1399 663 1464 concihare
679 1400 784 1465 conati
807 1405 890 1464 sunt.
934 1401 1023 1465 Inter
1036 1399 1269 1464 Alexandrinos
1282 1400 1425 1463 Pantae-

193 1508 255 1548 nns
278 1484 481 1550 omissionem
502 1484 712 1549 dedicationis
734 1491 905 1550 consuetae
925 1484 966 1549 ab
988 1485 1079 1550 initio
1102 1503 1141 1549 ex
1161 1484 1316 1549 relatione
1330 1484 1425 1550 Pauli

194 1570 238 1634 ad
260 1569 427 1633 Hebraeos
455 1568 638 1649 explicavit3
667 1569 807 1632 Clemens
829 1571 922 1635 Ales.
945 1589 1075 1634 causam
1097 1569 1172 1650 styli
1192 1570 1311 1634 diversi
1330 1570 1364 1634 11
1386 1589 1423 1636 eo

194 1654 356 1735 reposuit,
379 1653 466 1735 quod
481 1653 617 1734 epistola
632 1654 673 1718 ab
690 1655 811 1735 origine
825 1654 975 1720 hebraice
991 1655 1111 1735 scripta
1127 1654 1182 1733 sit,
1206 1655 1328 1719 aLuca
1347 1674 1424 1720 vero

193 1739 227 1803 11
244 1757 393 1821 graecam
407 1739 578 1817 translata;
596 1737 746 1823 Om'penee
758 1740 899 1820 cogitata
910 1739 1003 1803 Pauli
1013 1739 1152 1820 agnovit,
1168 1737 1337 1819 epistolam
1347 1758 1424 1804 uero

194 1824 416 1889 elucubratam
432 1823 555 1888 censuit
570 1823 611 1886 ab
627 1824 699 1903 alio,
715 1824 770 1904 qui
784 1824 884 1889 verba
893 1824 1040 1905 magistri
1051 1823 1311 1888 commentatoris
1322 1823 1425 1888 instar

194 1909 413 1990 exposuisset,
439 1908 512 1988 quis
532 1907 584 1972 hic
605 1907 725 1973 fuerit?
752 1908 854 1973 solum
874 1909 979 1974 Deum
999 1910 1081 1972 scire
1103 1908 1195 1988 dicit,
1217 1908 1424 1980 traditionem

193 2013 271 2060 vero
286 1993 472 2058 historicam
487 1993 651 2058 nominare
668 1991 866 2075 Clementem,
881 1995 1045 2059 Romanae
1060 1992 1214 2058 ecclesiae
1229 1993 1423 2074 episcopum,

194 2084 253 2143 aut
268 2078 409 2158 Lneam,
436 2078 491 2159 qui
507 2077 705 2160 evangelium
722 2084 754 2143 et
774 2083 865 2142 actus
879 2080 992 2159 Apost.
1013 2078 1150 2159 scripsit.
1187 2079 1276 2142 Inter
1290 2078 1423 2142 Latinos
1530 2073 1537 2088 '

194 2164 311 2229 saltem
333 2187 353 2226 a
377 2162 574 2226 Tertulliano
597 2161 746 2247 epistolae
766 2165 900 2248 1111111101
926 2165 1099 2227 Barnabas
1126 2163 1250 2225 habaina
1278 2167 1352 2225 eea1
1380 2197 1423 2207 -

195 2249 230 2314 si
242 2249 310 2329 jam
325 2248 384 2312 has
400 2248 576 2312 sententias
593 2248 822 2328 examinemus,
849 2249 1032 2313 Bamabam
1054 2247 1221 2328 scripsisse
1244 2247 1422 2328 epistolam,

195 2333 282 2399 omni
296 2332 525 2413 probabilitate
541 2338 644 2412 caret;
665 2353 738 2398 nam
753 2338 883 2413 praeter
898 2334 1128 2398 Tertullianum
1144 2351 1163 2396 a
1184 2333 1309 2398 nemine
1328 2337 1424 2398 antea

194 2425 253 2484 aut
269 2426 383 2498 postea
398 2417 589 2497 nominatur,
605 2438 709 2500 neque
723 2419 812 2482 illum
828 2438 900 2483 cum
911 2419 1066 2499 Apostolo
1077 2419 1109 2480 11
1121 2418 1225 2498 prima
1237 2417 1424 2498 captivitate

195 2505 319 2568 Romae
333 2501 432 2567 luisse
447 2502 591 2583 legimus.
628 2503 736 2566 Lucae
751 2505 837 2584 apud
851 2504 1042 2585 Apostolum
1056 2504 1177 2568 Romae
1192 2503 1322 2584 quidem
1337 2507 1424 2582 erat3

195 2594 340 2653 attamen
366 2587 507 2652 rationes
533 2589 742 2669 gravissimae
766 2590 910 2654 internae
937 2596 1035 2671 atque
1061 2595 1211 2653 externae
1239 2586 1425 2652 Clementem

193 2673 285 2736 Rom.
307 2671 551 2752 praeferendum
575 2691 646 2737 esse
667 2680 805 2738 monent.
855 2674 937 2738 Nam
960 2694 980 2738 a
1002 2673 1166 2738 Clemente
1189 2672 1358 2754 epistolam
1380 2673 1422 2736 ad

193 2757 293 2821 Hebr.
315 2758 348 2820 in
366 2756 501 2820 formam
521 2765 723 2837 praesentem
746 2776 817 2822 esse
839 2760 1017 2837 redactam,
1043 2758 1118 2822 inde
1139 2758 1180 2821 ab
1202 2758 1333 2839 Origine
1355 2756 1423 2822 iere

193 2860 304 2906 omnes
320 2842 529 2920 consentiunt,
544 2847 582 2904 ut
596 2841 766 2922 Eusebeia,
784 2841 952 2904 Eutbalc'us
969 2841 1038 2921 AL,
1056 2841 1275 2917 Theodoram,
1293 2841 1423 2905 Cosmus

193 2925 414 3010 Indc'copleaat.
421 2975 430 3007 ,
446 2927 585 2989 Joannes
600 2925 766 3004 Damaso,
780 2927 865 2990 inter
879 2927 1027 2989 Latinos:
1047 2924 1243 2988 Pbt'laotrnas
1259 2929 1292 2989 ei
1306 2950 1330 2988 e.
1345 2925 1423 2987 Ηίθ-

192 3013 372 3095 ronpmne.²
391 3047 433 3056 —-
457 3011 655 3091 Argumenta
679 3010 805 3074 interna
831 3010 1018 3090 suppeditat
1043 3008 1169 3074 collatio
1196 3009 1220 3073 Ι.
1249 3008 1421 3074 Clementis

193 3093 351 3176 epistolae
366 3095 408 3158 ad
424 3095 564 3159 Corinth.
581 3112 654 3158 cum
668 3104 779 3159 nostra
794 3096 836 3160 ad
850 3095 1031 3173 Hebraeum
1054 3112 1206 3174 namquo
1229 3094 1333 3175 gradu
1355 3095 1421 3174 epi-

193 3180 298 3244 stolae
312 3185 443 3243 nostrae
458 3180 556 3244 dictio
577 3180 713 3244 discedit
733 3180 774 3243 ab
795 3180 851 3244 illa
866 3179 974 3259 Pauli,
1001 3179 1113 3244 eodem
1136 3197 1208 3242 cum
1223 3177 1422 3244 Clementina
1452 3210 1454 3214 ’

193 3265 383 3342 concordat3
397 3265 430 3328 in
445 3269 583 3345 utraque
598 3265 711 3329 eadem
724 3265 884 3329 invenitur
897 3263 1025 3345 huguae
1040 3264 1174 3344 puritas,
1190 3264 1302 3329 eadem
1318 3268 1421 3328 struc-

191 3361 287 3414 turae
304 3349 478 3429 elegantia,
499 3349 586 3414 idem
600 3350 761 3414 oratorius
776 3349 931 3414 sermonis
945 3349 1090 3428 habitus,
1114 3349 1226 3413 eadem
1242 3349 1421 3429 conjunctio

192 3434 428 3499 adhortationis
444 3453 515 3498 cum
529 3439 672 3497 tractatu
688 3435 885 3515 dogmatico,
911 3435 974 3498 imo
989 3435 1022 3497 in
1036 3439 1174 3514 utraque
1195 3433 1331 3512 epistola
1353 3432 1421 3498 lon-

191 3519 301 3600 giores
316 3519 500 3583 earumdem
516 3519 746 3583 sententiarum
761 3525 932 3584 occurrunt
947 3519 1060 3597 series,
1084 3517 1161 3598 quin
1179 3517 1245 3581 ulla
1260 3517 1421 3602 citationis

190 3601 331 3668 formula
345 3603 547 3667 adhibeatur.
590 3603 673 3667 Hinc
687 3603 847 3668 Eusebius
863 3604 903 3669 ob
919 3602 1037 3667 multos
1052 3601 1284 3682 parallelismos
1298 3603 1331 3666 in
1349 3621 1420 3667 ver-

191 3688 245 3753 bis
261 3688 340 3751 etin
356 3687 453 3752 rebus
467 3689 499 3751 in
515 3693 653 3767 utraque
669 3687 805 3768 epistola
821 3689 931 3753 obvios
948 3686 1143 3753 Clementem
1159 3687 1248 3750 Rom.
1265 3686 1421 3767 epistolae

191 3772 237 3837 ad
252 3772 350 3835 Hebr.
366 3773 619 3853 metaphrastam
634 3772 773 3853 agnovit,
790 3777 822 3836 et
838 3791 862 3836 s.
878 3773 1108 3852 Hieronymus,
1123 3771 1247 3852 peritus
1262 3771 1322 3836 hac
1337 3772 1370 3836 in
1385 3791 1420 3837 re

186 3857 305 3939 juder,
332 3857 485 3938 grandem
507 3857 540 3921 in
561 3863 699 3936 utraque
722 3856 858 3937 epistola
884 3857 1124 3921 similitudinem
1149 3855 1314 3936 professus
1340 3861 1421 3922 est.³

263 4079 274 4175 ἶ
291 4073 522 4194 1191113611.
539 4141 587 4193 111.
606 4141 648 4193 aa.
672 4139 998 4194 monachandum.
1015 4141 1191 4194 varmum
1203 4139 1307 4192 11399.
1332 4138 1419 4192 Theo·
1437 4169 1440 4174 -

190 4208 279 4262 daret.
292 4208 403 4275 interpr.
416 4209 444 4260 11
456 4223 497 4275 ep.
510 4208 544 4261 ad
550 4207 632 4261 Hebr.
645 4224 676 4261 ar
741 4208 865 4262 ‚Cosmas
877 4207 910 4260 de
922 4207 1014 4260 mundi
1026 4207 1141 4275 opificio,
1154 4207 1279 4260 Damasc.
1292 4212 1420 4274 excerpta

66 4325 72 4342 ,
188 4278 221 4330 in
232 4276 314 4330 Hebr.
328 4276 368 4340 13,
380 4276 422 4329 24.
445 4275 553 4328 Hieron.
566 4275 599 4328 de
611 4275 658 4328 vir.
671 4276 680 4329 i
692 4274 709 4329 l.
723 4291 745 4328 c.
759 4277 783 4328 5.

263 4343 444 4412 ³Hieronym.
462 4342 496 4396 de
513 4343 577 4396 viris
594 4342 677 4396 illust.
694 4358 717 4396 c.
735 4345 788 4396 lb:
813 4384 827 4409 ‚,
853 4357 903 4395 uae
921 4341 1044 4409 (epistola
1062 4342 1218 4410 Clementis)
1234 4341 1299 4394 mihi
1313 4340 1420 4394 videtur

189 4411 343 4466 characteri
360 4411 501 4478 epistolae,
522 4425 590 4478 quae
601 4410 679 4462 Pauli
695 4411 800 4463 nomine
863 4410 1000 4463 Hebraeos
1016 4408 1116 4475 fertur,
1137 4409 1285 4463 convenire.
1322 4408 1375 4462 Sed
1392 4415 1420 4461 11

188 4479 286 4535 multis
298 4479 331 4532 de
343 4479 437 4533 eadem
449 4479 562 4547 epistola
573 4493 626 4531 non
639 4478 724 4532 solum
737 4478 867 4541 sensibus,
885 4477 932 4531 sed
941 4477 1021 4544 Juxta
1030 4477 1173 4531 verborum
1184 4492 1287 4545 quoque
1299 4476 1418 4531 ordinem

188 4549 321 4603 abutitur.
345 4547 459 4601 Omnino
470 4546 579 4616 grandis
591 4546 620 4598 in
630 4552 743 4614 utraque
755 4545 901 4600 similitudo
913 4549 979 4598 est.“
