3428 5180
781 319 850 331 —-
892 284 955 352 328
996 319 1065 330 -

314 456 423 540 grinos
438 456 522 523 male
535 459 669 537 tractet,
691 456 779 537 quod
797 454 992 536 obstitisset,
1014 455 1184 538 quominus
1198 453 1353 520 ecclesiae
1367 453 1536 534 scriberet3

315 546 425 625 sperat
438 561 532 623 vero,
554 559 590 608 se
604 559 677 607 mox
691 557 763 606 esse
776 545 955 606 venturum.
998 540 1173 623 Apostolus
1188 538 1412 620 proculdubio
1427 541 1468 606 de
1483 558 1537 606 eo-

315 628 389 694 dem
407 627 524 694 itinere
543 627 699 708 loquitur,
722 627 764 692 de
778 645 842 708 quo
856 626 889 691 in
904 626 945 690 Π.
962 645 1010 708 cp.
1025 645 1054 691 v.
1071 627 1121 691 12.
1137 631 1187 692 est
1202 643 1323 706 sermo,
1344 625 1392 692 ita
1406 633 1443 692 ut
1456 625 1538 692 baec

315 712 452 795 epistola
466 713 550 779 circa
564 712 650 779 idem
664 715 793 794 tempus
808 711 851 777 sit
865 711 989 793 scripta
1001 730 1074 778 cum
1088 711 1236 777 secunda

675 1017 678 1024 -
726 972 1021 1043 AR'I'IOULUS
1046 975 1123 1043 111.

611 1149 785 1244 LIBER
822 1149 1239 1246 PROPHETICUS:

690 1341 932 1440 Apocalypsis
950 1363 979 1417 s.
998 1341 1163 1418 loannis.

866 1511 895 1596 a.
912 1513 986 1580 219.

590 1649 711 1701 Auctor·
730 1650 764 1700 et
783 1647 959 1702 auctoritas
979 1649 1085 1712 operis
1100 1648 1266 1702 canonica.

400 1800 612 1884 Apocalypsis
633 1806 753 1882 nostra,
773 1806 811 1867 ut
831 1801 865 1866 in
881 1801 1009 1869 Oanone
1030 1801 1179 1867 ultimum
1199 1807 1335 1883 occupat
1356 1802 1467 1880 locum,
1486 1801 1531 1866 ita

316 1886 414 1955 ctiam
429 1886 570 1953 omnium
583 1885 622 1951 N.
638 1886 674 1950 T.
688 1885 843 1952 librorum
858 1887 971 1954 ultima
990 1891 1041 1954 est
1060 1887 1191 1969 scripta,
1213 1892 1247 1953 et
1268 1887 1382 1952 urina
1404 1887 1446 1952 ab
1467 1886 1533 1950 uni·

313 1990 409 2040 uersa
424 1972 559 2038 ecclesia
572 1975 712 2055 recepta,
728 1972 805 2037 dnm
819 1972 860 2038 ab
877 1972 989 2038 eadem
1000 1972 1116 2038 similia
1127 1991 1226 2054 opera
1238 1977 1422 2062 constanter
1433 1975 1538 2038 essent

314 2058 445 2141 rejecta,
466 2061 505 2123 ut
525 2056 728 2139 apocalypsis
749 2056 848 2138 Petri,
869 2076 959 2139 apoc.
974 2057 1076 2139 Pauli,
1099 2076 1189 2140 apoc.
1205 2057 1347 2124 Thomae
1369 2063 1402 2124 et
1422 2075 1538 2138 apoca-

314 2142 424 2227 lypsis,
446 2161 544 2225 quam
560 2141 730 2208 Corinthus
750 2143 793 2208 ad
815 2147 993 2209 commenta
1014 2145 1073 2210 'sua
1093 2143 1270 2227 chiliastioa
1290 2142 1540 2209 commendanda

315 2227 522 2296 elucubrasse
535 2227 672 2295 videtur.
1403 2305 1405 2308 Ι

401 2312 612 2395 Apocalypsis
625 2316 756 2379 nostrae
769 2317 883 2379 auctor
896 2313 967 2394 ipse
982 2331 1018 2380 so
1031 2313 1174 2378 nominat
1181 2314 1337 2379 loannem
1353 2315 1381 2393 1,
1398 2315 1426 2378 1.
1441 2314 1472 2377 4.
1487 2313 1540 2393 21,

315 2399 347 2465 2.
369 2404 402 2466 et
416 2399 467 2480 22,
483 2398 512 2464 8.
534 2397 692 2464 loannem
712 2398 797 2464 bunc
818 2416 891 2464 esso
911 2398 1103 2480 Apostolum
1124 2397 1426 2480 evangelistamque,
1447 2398 1541 2464 testi-

316 2484 423 2552 monia
436 2483 640 2565 antiquitatis
655 2487 688 2548 et
702 2488 891 2566 argumenta
904 2483 1030 2549 interna
1043 2483 1221 2550 luculenter
1234 2483 1380 2565 probant.

359 2570 403 2652 Α)
428 2567 520 2646 Quod
531 2579 619 2633 testea
634 2568 742 2632 aanor
754 2570 917 2654 aala'qaoo:

405 2654 434 2719 1.
467 2651 581 2718 Patres
600 2666 629 2718 ct
647 2654 814 2738 complores
833 2653 981 2718 acclesiae
994 2653 1161 2718 Aaaala'cce
1175 2664 1304 2739 praeter
1317 2652 1368 2716 Pa
1399 2655 1457 2717 'am
1472 2665 1502 2717 et
1515 2677 1539 2717 a.

318 2737 551 2824 Polycarpum,
572 2738 616 2806 ad
636 2756 717 2822 quos
732 2738 842 2822 plures
855 2744 1046 2820 provocant,
1069 2757 1207 2820 quorum
1221 2744 1361 2805 auterno
1479 2740 1542 2805 hac

319 2823 360 2892 de
373 2843 410 2892 rc
424 2842 487 2890 non
501 2823 657 2891 babemus
671 2824 913 2904 testimonium,²
927 2830 1107 2890 memoratu
1120 2824 1299 2906 dignissimi
1313 2829 1400 2890 sunt:

405 2907 437 2974 S.
460 2908 604 2974 λαίλαπα
624 2911 750 2996 Martpr
772 2909 812 2990 (c.
833 2928 904 2980 anna
921 2909 1017 2991 130),
1039 2910 1095 2990 qui
1115 2909 1340 2991 mausumum
1360 2911 1402 2975 de
1423 2929 1540 2993 apoca-

220 3017 222 3021 ·
317 2994 415 3078 lypsi,
442 2993 576 3060 loannis
594 2995 706 3076 Apost.
728 2994 810 3060 libro
832 2993 955 3075 profert
975 2995 1193 3061 testimonium
1217 2995 1340 3060 dicens:
1368 2995 1539 3076 „Joaaaaa

318 3102 400 3144 anas
414 3102 453 3144 aaa
467 3079 629 3164 Apostolab
645 3078 771 3161 Olm'atl,
786 3081 821 3143 ab
835 3080 1024 3164 apocalypsi
1033 3079 1219 3164 abisaac&
1233 3083 1308 3146 otae

407 3163 597 3249 lbaoplllaa
606 3164 748 3230 Aaorbola
765 3163 805 3246 (c.
817 3183 888 3231 ann.
902 3165 998 3247 lla),
1013 3165 1055 3230 de
1068 3183 1132 3246 quc
1141 3164 1302 3230 Eusebius
1316 3165 1407 3232 dicit:
1422 3165 1506 3246 „Ali

319 3249 413 3316 claim
427 3261 529 3314 earm
541 3250 606 3336 ejece
622 3249 709 3330 labar,
724 3271 815 3334 qaam
831 3250 1154 3336 coutraHormopeatb
1166 3251 1308 3314 haerescit
1319 3253 1492 3335 interpell,
1506 3252 1541 3313 ab

320 3357 380 3421 qao
395 3335 578 3399 tcotabaooa'ab
591 3338 689 3400 maiar
699 3356 739 3398 aa
754 3333 888 3398 Joomoa'a
901 3333 1087 3399 revelatione
1101 3335 1273 3400 dramata

391 3417 513 3484 'Melita
527 3416 712 3501 aoranae,
735 3419 848 3486 eodem
863 3423 1007 3502 tempore
1021 3417 1152 3498 florens,
1176 3420 1231 3502 qui
1245 3421 1383 3486 testibus
1398 3420 1540 3486 Eusebio

321 3508 355 3571 et
368 3521 393 3571 s.
409 3504 603 3587 Hieronymo
618 3503 812 3587 peculiarem
832 3505 976 3571 exaravit
994 3504 1111 3570 librum
1129 3506 1171 3570 de
1184 3505 1319 3572 loannis
1333 3507 1541 3588 apocalypsi.4

405 3588 625 3676 Appollonius,
645 3589 815 3672 presbyter
827 3589 1009 3674 Ephesinus
1023 3590 1083 3656 sub
1097 3588 1193 3656 finem
1207 3609 1289 3657 saec.
1304 3591 1355 3672 Π,
1376 3595 1461 3658 teste
1475 3592 1539 3657 Eu-

389 3859 400 3892 ¹
417 3856 540 3912 Andreas
547 3857 629 3926 Oapp.
639 3857 667 3912 in
678 3856 873 3927 prolegomenis
883 3857 912 3912 in
923 3872 1011 3926 apoc:
1023 3857 1081 3923 „De
1093 3859 1283 3928 apocalypseos
1294 3859 1488 3927 theopneustia
1499 3866 1537 3914 te-

321 3924 455 3982 stantibus
470 3940 531 3980 eam
546 3924 599 3980 fide
614 3926 722 3996 dignam
739 3941 798 3980 esse
814 3925 878 3980 viris
894 3925 990 3981 beatis:
1015 3926 1143 3995 Gregorio
1159 3926 1294 3996 theologo,
1315 3927 1416 3997 Cyrillo
1434 3935 1461 3983 et
1480 3928 1538 3982 aliis

320 3993 465 4117 prtiopibns:
489 3993 581 4072 Papia,
593 3994 711 4060 Irenaeo,
723 3993 860 4049 Methodio
872 3999 899 4048 et
910 3993 1063 4064 Hippolyto,
1076 3994 1161 4049 multa
1171 3996 1253 4050 verba
1264 3996 1353 4050 facere
1365 4011 1475 4050 necesse
1486 4012 1538 4049 non

319 4076 368 4116 θΒ.

387 4133 399 4166 ²
417 4128 521 4199 Dialog.
539 4145 600 4184 cum
617 4127 760 4200 Tryphone
776 4145 799 4184 c.
817 4128 854 4184 8.:
878 4133 934 4185 Kal
950 4128 1047 4199 ἐπειδὴ
1064 4131 1129 4201 παρ’
1146 4130 1220 4203 ἡμᾶς
1237 4129 1307 4204 ἀνήρ
1329 4154 1385 4197 τις,
1407 4119 1430 4202 ᾧ
1449 4130 1536 4205 ὄνομα

317 4197 413 4255 ’lator
432 4221 452 4263 ς,
465 4194 505 4260 εἷς
517 4202 574 4254 τῶν
585 4197 753 4254 ἀποστόλων
765 4199 816 4252 τοῦ
829 4199 965 4284 Χριστοῦ,
978 4199 1009 4254 ἔν
1019 4196 1195 4267 ἀποκαλύψει
1206 4205 1344 4286 γενομένῃ
1356 4200 1431 4270 αὐτῷ
1442 4204 1465 4253 λ.

387 4269 399 4302 ⁸
442 4281 481 4320 us.
493 4265 521 4320 h.
533 4281 556 4320 e.
569 4266 615 4320 IV.
628 4265 683 4320 24:
707 4269 761 4322 Kal
772 4263 837 4320 ltro
849 4264 923 4339 πρὸς
935 4285 986 4335 την
997 4270 1106 4336 αἳρεσιν
1115 4269 1303 4340 Ἑρμογένους
1315 4288 1366 4338 την
1377 4265 1536 4340 ἐπιγραφὴν

320 4334 394 4406 ἔχον,
407 4335 438 4390 ἔν
450 4325 473 4406 ᾧ
483 4339 530 4390 καλ
542 4339 590 4403 τῆς
602 4331 804 4400 ἀποκαλύψεως
813 4332 943 4390 Ἰωύννοο
954 4339 1083 4406 κέχρηται
1093 4341 1266 4410 μαρτυρίαις.

387 4405 400 4438 ⁴
416 4401 517 4457 Euseb.
529 4401 555 4454 h.
569 4416 592 4455 e.
604 4401 650 4456 IV.
663 4401 704 4456 26·
730 4404 884 4464 Μέλτωνος
901 4401 933 4456 τὰ
952 4409 1017 4472 περὶ
1036 4403 1088 4458 τού
1100 4403 1193 4476 πάσχα
1206 4403 1257 4460 δύο
1307 4409 1352 4460 καλ
1365 4403 1397 4459 τὰ
1409 4409 1474 4484 περὶ
1487 4405 1535 4458 τοῦ

321 4471 369 4524 δια
387 4468 461 4536 όλου,
474 4473 520 4525 καλ
532 4471 581 4538 τῆς
592 4467 795 4541 ἀποκαλύψεως
804 4467 941 4526 Ἰωάννου.
963 4469 989 4524 S.
1001 4469 1110 4525 Hieron.
1123 4471 1157 4526 de
1168 4472 1216 4527 vir.
1228 4473 1267 4527 ill.
1280 4489 1303 4528 c.
1315 4473 1369 4527 24:
1382 4471 1491 4538 „Mehto
1502 4469 1533 4523 de

320 4537 366 4592 dia
398 4537 425 4593 lo
435 4538 535 4594 librum
546 4552 637 4604 unum,
648 4539 682 4594 de
693 4551 768 4607 apoc.
779 4536 874 4593 loann.
886 4537 984 4593 librum
995 4543 1103 4593 unom.“
