3314 5166
796 301 1081 366 ,..144..-τ

324 471 457 536 effectae
472 471 594 536 nullum
602 471 734 548 ostendi
748 475 857 552 potest
870 472 1050 554 vestigium.
1093 443 1533 555 Haeresibus,'quaeindeeb
1644 433 1645 480 i

323 575 403 621 aevo
425 556 601 638 apostolico
618 562 692 622 sunt
708 561 836 636 enatae,
859 557 959 623 libros
974 562 1102 624 nostros
1124 558 1251 624 minime
1265 558 1390 641 favere,
1412 559 1534 640 quisque

324 642 529 723 praejudiciis
544 660 606 706 non
622 646 735 722 captus
749 640 862 708 lubens
878 644 1045 723 concedet,
1068 644 1152 709 unde
1168 645 1328 724 sequitur,
1344 643 1384 710 N.
1400 645 1432 708 T.
1447 644 1534 710 libros

325 727 366 791 ab
387 727 589 792 heterodoxis
612 727 723 792 stricto
746 745 842 793 sensu
862 747 1024 809 nunquam
1047 747 1118 794 esse
1139 729 1358 811 interpolatos.
1403 730 1487 794 ldein
1500 731 1534 795 de

325 812 510 879 orthodoxis
524 813 748 892 asserendum
770 813 887 878 etenim
902 813 979 894 loci,
1003 813 1119 895 quibus
1139 814 1250 895 primis
1265 815 1402 881 saeculis
1417 815 1535 895 quidam

324 897 581 978 offendebantur,
607 917 635 962 v.
657 918 686 980 g.
703 899 762 962 ΜΓ.
780 900 829 977 13,
845 899 895 963 32.
919 900 1001 976 Luc.
1019 899 1068 979 19,
1083 899 1152 980 41,
1176 899 1275 966 Pater
1299 901 1402 981 major
1425 905 1472 966 est
1491 919 1535 964 me

323 984 344 1048 J
345 1002 373 1048 o.
390 983 440 1064 14,
455 984 516 1063 28,
531 984 704 1048 hodiedum
719 983 751 1048 in
767 984 938 1064 codicibus,
955 985 1162 1065 editionibus,
1177 985 1377 1051 versionibus
1393 991 1425 1051 et
1439 984 1535 1050 citatis

322 1068 455 1134 Petrum
470 1069 628 1152 leguntur.
674 1068 794 1134 Contra
814 1075 923 1135 autem
938 1069 1033 1135 bodie
1050 1069 1156 1135 adhuc
1169 1070 1202 1134 in
1216 1070 1255 1135 N.
1272 1072 1306 1135 T.
1323 1071 1536 1136 desiderantur

323 1154 419 1220 effata
434 1159 486 1220 sat
507 1155 594 1220 clara
612 1173 650 1220 ac
665 1153 849 1234 manifesta,
873 1154 989 1236 quibus
1004 1175 1032 1220 v.
1048 1174 1077 1237 g.
1094 1159 1328 1221 sacramentum
1343 1156 1535 1234 matrimonii,

321 1240 483 1322 processio
506 1240 644 1321 Spiritus
667 1259 691 1304 s.
713 1258 735 1304 a
755 1240 853 1306 Patre
875 1240 1035 1322 Filioque,
1065 1241 1183 1324 dogma
1208 1243 1249 1308 de
1272 1241 1459 1324 purgatorio
1483 1247 1536 1306 etc.
1646 1285 1647 1326 ,

322 1326 443 1391 directe
457 1329 491 1390 et
506 1326 671 1392 evidenter
684 1325 889 1406 probaretur,
910 1325 985 1391 licet
999 1327 1042 1392 ad
1057 1327 1214 1408 ejusmodi
1228 1327 1314 1392 locos
1328 1327 1384 1392 N&
1396 1327 1448 1390 Ti:
1462 1327 1537 1392 inse·
1646 1343 1647 1350 ¹

321 1411 437 1476 rendos
454 1409 609 1477 Catholici
623 1411 880 1476 adversariorum
902 1410 1008 1476 dubiis
1023 1431 1061 1477 ac
1077 1412 1331 1478 cavillationibus
1345 1431 1408 1479 non
1431 1431 1537 1493 parum

199 1575 204 1582 ,
321 1495 579 1562 sollicitarentur.
629 1497 678 1561 Ex
701 1500 888 1578 argumento
910 1497 1021 1578 itaque
1041 1497 1197 1564 librorum
1220 1496 1259 1562 N.
1282 1498 1316 1562 T.
1339 1497 1536 1580 interpolatio

322 1581 433 1730 striicte
447 1582 522 1648 talis
536 1581 667 1664 probari
681 1582 801 1664 nequit,
816 1583 925 1663 potius
940 1583 1135 1649 contrarium
1150 1584 1224 1649 inde
1239 1584 1418 1650 edocemur.
1456 1583 1537 1648 ldein

321 1686 362 1731 va
376 1673 409 1732 et

406 1753 435 1817 2.
460 1752 497 1816 de
509 1752 624 1837 forma
644 1753 754 1817 dorum
775 1756 971 1838 emptorem.
1014 1752 1116 1818 Nemo
1140 1753 1223 1818 enim
1237 1754 1280 1818 ad
1301 1759 1429 1819 nostros
1444 1773 1538 1835 usque

321 1838 389 1902 dies
401 1839 640 1920 demonstravit,
656 1858 771 1904 nerium
782 1840 997 1905 membrorum
1011 1839 1063 1904 hic
1077 1839 1122 1903 ibi
1134 1839 1214 1904 adeo
1229 1857 1299 1904 esse
1309 1840 1537 1920 perturbatum,

320 1928 357 1987 ut
371 1925 530 2005 quaedam
550 1925 601 1991 vel
623 1925 736 1992 addita
748 1925 800 1990 vel
815 1925 933 1990 omissa
955 1929 1099 1990 statuere
1122 1943 1288 2006 cogamur,
1309 1944 1414 2006 neque
1433 1925 1466 1990 in
1479 1924 1537 1988 ullo

319 2009 388 2074 loco
404 2011 501 2076 dictio
516 2011 563 2076 ita
578 2011 730 2077 abhorret
744 2009 795 2076 vel
809 2029 829 2076 a
844 2010 927 2092 stylo
945 2010 1120 2091 apostolico
1134 2010 1168 2074 in
1182 2029 1308 2091 genere,
1323 2010 1374 2075 vel
1389 2011 1422 2076 in
1438 2009 1537 2093 specie

319 2097 521 2177 acujusdam
536 2097 678 2162 auctoris
699 2096 808 2161 biblici
823 2095 982 2162 scribendi
1004 2096 1144 2175 ratione,
1167 2100 1204 2159 ut
1226 2095 1330 2161 aliena
1344 2114 1458 2161 manus
1474 2113 1538 2164 sese

319 2186 408 2246 certo
423 2181 621 2262 manifestem
636 2181 744 2264 potius
760 2201 843 2264 quae
858 2201 897 2248 eri
910 2182 971 2247 hac
985 2187 1079 2262 parte
1093 2180 1272 2262 integritati
1286 2181 1442 2246 librorum
1458 2180 1495 2244 N.
1507 2180 1538 2243 T.
1648 2253 1649 2266 .

319 2285 459 2347 unquam
481 2269 629 2349 opposita
651 2273 741 2348 sunt,
766 2275 804 2332 ut
824 2286 862 2333 ex
880 2267 1116 2333 introductione
1138 2265 1268 2347 speciali
1289 2267 1431 2347 patebit,
1458 2265 1538 2330 haud
1648 2285 1649 2364 j

320 2351 492 2418 difficulter
506 2352 640 2419 refutari
654 2358 798 2436 possunt.

322 2529 355 2589 et
369 2438 645 2590 tugussiri}belpiirtnurita
659 2440 736 2520 sint,
759 2439 849 2504 libris
868 2437 967 2504 sacris
981 2436 1021 2502 N.
1037 2437 1072 2502 T.
1086 2436 1256 2519 integritas
1271 2436 1455 2518 dogmatica
1472 2437 1539 2519 jure

830 2799 1033 2810 -—-——

795 3069 969 3147 CAPUT
995 3067 1064 3142 ΠΙ.

584 3241 642 3316 De
659 3239 850 3338 axiopistia
867 3261 916 3315 ss.
934 3239 1148 3336 scriptorum
1165 3238 1211 3313 N.
1228 3237 1274 3311 T.

879 3428 907 3510 ξ.
929 3427 983 3496 98.

409 3568 508 3621 Notio
521 3565 723 3630 mapinius,
737 3563 803 3624 ejus
815 3563 1083 3618 demonstrandae
1096 3537 1271 3616 necessitas
1282 3564 1316 3614 et
1326 3561 1451 3615 modus.

401 3721 466 3787 Pei·
479 3721 684 3806 aciopi'eti‘cm
698 3720 903 3870 intellJimm
918 3741 987 3784 eam
1000 3716 1165 3802 referentis
1179 3716 1226 3784 od
1236 3739 1287 3780 res
1297 3727 1404 3816 pmice
1415 3713 1538 3778 relata

316 3828 387 3869 nem
402 3821 563 3870 extentam
577 3821 605 3870 et
619 3805 709 3870 illam
726 3828 783 3869 con
806 3805 930 3870 itionem
946 3805 1011 3890 ey'zia
1025 3805 1190 3884 internam,
1205 3802 1240 3866 oc'
1251 3824 1459 3888 captaverant
1474 3799 1536 3864 di'c·

316 3903 415 3954 iorum
430 3889 653 3975 autfcctorum
667 3891 803 3956 indolem
817 3891 874 3954 rite
888 3913 922 3953 rc
946 3901 1124 3952 raesentare
1137 3912 1200 3952 nori
1214 3899 1333 3951 tantini
1348 3897 1465 3972 potest,
1484 3881 1539 3948 ced

315 3998 424 4040 reema
438 3978 532 4040 etiam
546 3974 619 4058 ccli,
635 3977 696 4039 cino
713 3975 898 4060 qaodemmo
922 3997 939 4037 o
956 3974 1048 4038 debet.

278 4071 280 4077 '
402 4061 447 4127 Ut
462 4081 500 4127 ex
514 4062 575 4126 hac
590 4059 772 4127 definitione
785 4066 892 4142 patet,
912 4060 996 4124 duae
1011 4063 1085 4124 suut
1100 4057 1291 4139 qualitateS,
1312 4075 1396 4137 quae
1411 4055 1444 4120 iii
1458 4051 1536 4120 reie-
1574 4100 1577 4106 -

315 4153 415 4229 rente,
430 4147 565 4230 proinde
580 4146 676 4212 etiam
690 4147 722 4211 in
737 4147 893 4228 scriptore
908 4145 1029 4226 quovis,
1046 4144 1096 4209 cui
1110 4144 1237 4225 plenam
1247 4142 1423 4206 habeamus
1433 4139 1535 4218 tidem,

315 4239 403 4300 recte
425 4233 647 4315 reqidruntur,
672 4233 820 4297 nimirum
842 4231 1018 4297 dexteritas
1038 4235 1071 4296 et
1091 4229 1258 4294 sinceritas
1272 4229 1305 4295 iu
1320 4223 1535 4308 cognoscendo

315 4339 378 4384 non
396 4321 513 4399 minus,
535 4337 632 4400 quem
653 4318 687 4382 in
706 4316 885 4398 referendo,
910 4322 943 4382 et
964 4315 1118 4398 quamdiu
1137 4316 1178 4380 de
1198 4333 1262 4379 una
1284 4313 1335 4378 vel
1353 4312 1456 4377 altera
1476 4327 1536 4406 non

316 4410 404 4470 certo
420 4409 562 4485 constat,
582 4403 706 4468 tamdiu
720 4402 800 4468 fides
815 4401 975 4467 narrantis
990 4401 1041 4467 vel
1055 4401 1195 4466 auctoris
1210 4399 1299 4478 libri,
1319 4399 1395 4463 licet
1409 4412 1535 4494 genuini

316 4496 350 4555 et
362 4489 489 4573 integri,
503 4491 606 4573 magis
621 4489 766 4556 minusve
781 4488 879 4554 dubia
894 4491 956 4567 est;
971 4487 1089 4553 dantur
1103 4504 1241 4567 namque
1256 4485 1353 4550 etiam
1364 4489 1535 4565 scriptores

314 4575 499 4658 ignorantes
516 4581 548 4642 et
561 4575 700 4642 fallaces.

1580 3737 1599 3778 1
