3314 5166
594 308 858 372 *93-

123 481 191 544 Luc.
207 478 235 558 8,
251 478 301 542 29.
317 477 437 556 πέδαις
451 495 524 542 cum
539 473 704 558 acidiora·
726 477 797 541 Act.
811 477 841 558 2,
857 477 908 542 37.
927 477 1061 562 κατενύγ
1082 499 1143 544 σαν
1158 496 1229 542 cum
1244 503 1341 566 κατη-

119 562 308 652 rot'qdqcorv,⁸
332 563 356 626 Ι.
374 561 445 627 Cor.
463 562 512 641 12,
527 561 577 625 28.
598 557 656 640 οὕς
678 581 749 626 cum
771 555 828 640 οὖς
847 568 880 626 et
900 560 1024 627 similia.
1103 563 1211 627 tiamsi
1231 563 1342 643 itaque

123 649 290 714 translator
304 648 483 713 versionem
504 647 667 712 arabicam
682 646 879 728 adhibuerit,
902 648 1075 730 praecipue
1096 654 1204 714 tamen
1218 653 1342 713 textum

121 752 263 816 graecum
279 740 407 800 secutus
424 739 481 798 est.

199 819 296 883 Plura
311 818 456 882 adhibita
471 835 542 882 esse
557 821 665 881 textus
680 817 788 898 graeci
802 818 1029 898 manuscripta,
1051 818 1125 883 inde
1139 823 1240 899 patet,
1255 818 1342 899 quod

121 904 274 970 interdum
289 904 372 968 duae
387 903 577 968 exhibentur
589 902 742 968 lectiones
757 903 931 983 varianteS,
953 908 991 966 ut
1003 903 1079 968 Luc.
1096 904 1125 984 6,
1140 905 1191 968 48.
1208 910 1341 987 τεθεμε-
1434 969 1438 978 ,

120 988 212 1056 Alcaco
223 989 284 1076 γὰρ
296 989 355 1056 ἐπὶ
370 991 426 1077 τὴν
440 987 674 1075 πέτραν-καί
689 985 910 1071 τεθεμελίωτο
924 989 1044 1069 καλῶς,
1059 987 1080 1053 J
1082 1008 1109 1053 0.
1122 989 1151 1068 6,
1164 989 1214 1053 69.
1230 985 1249 1056 ὁ
1263 996 1341 1075 Χρι-

119 1075 190 1153 στὸς
204 1071 222 1141 ὁ
237 1069 338 1158 ἅγιος,
354 1069 426 1141 -ὃ
440 1071 512 1151 υἱὸς
525 1075 583 1138 τοῦ
599 1075 684 1139 θεοῦ
702 1071 829 1152 ζῶντος.

197 1160 334 1224 Textum
348 1177 500 1240 graecum
514 1156 654 1222 familiae
668 1155 768 1222 fuisse
782 1158 1030 1238 Alexandrinae,
1053 1158 1127 1223 inde
1138 1158 1206 1240 jam
1222 1157 1342 1240 colligi·

119 1253 179 1324 tur,
195 1245 271 1325 quia
286 1243 491 1308 Frumentius
506 1242 546 1306 ab
562 1242 738 1307 Athanasio
753 1243 841 1308 Alex.
859 1244 1028 1324 episcopus
1043 1243 1209 1308 ordinatus
1225 1250 1290 1322 est,
1309 1249 1342 1307 et

120 1351 184 1395 cum
198 1329 420 1411 patriarchatu
437 1327 652 1393 Alexandrino
667 1329 815 1393 unionem
831 1328 1080 1394 ecclesiasticam
1095 1329 1181 1407 iniit,
1203 1328 1341 1408 indeque

119 1417 236 1481 codices
251 1433 386 1497 graecos
402 1414 464 1478 sibi
478 1414 635 1494 paravit¹

656 1633 702 1714 s.
726 1635 776 1698 on.

525 1769 552 1820 ⁷.
571 1771 743 1820 versiones
756 1771 925 1822 Arabicae.

194 1927 275 1991 Inde
298 1944 317 1988 a
339 1943 421 1988 saec.
441 1923 498 1986 III.
520 1923 553 1986 in
576 1922 723 2005 partibus
744 1923 885 1987 Arabiae
910 1922 1223 2003 septentrionalibus
1249 1922 1341 1986 multi

119 2011 286 2077 Christ-iani
300 2011 456 2088 vixeumt,
480 2015 513 2072 et
527 2013 673 2091 tempore
687 2008 832 2072 Valentis
848 2008 1052 2088 imperatoris
1068 2027 1086 2073 e
1101 2008 1269 2074 Saracenis
1284 2027 1342 2072 seu

119 2097 288 2176 ArabibuS,
320 2095 376 2176 qui
397 2094 439 2158 ad
460 2093 631 2174 orientem,
661 2095 922 2175 septemtrionem
944 2101 977 2159 et
998 2093 1164 2158 meridiem
1185 2093 1342 2158 Palaesti-

118 2202 171 2247 nae
185 2181 363 2264 degebant,
385 2199 448 2244 non
461 2178 557 2260 pauci
570 2179 613 2242 ad
632 2178 795 2244 Christum
814 2179 959 2244 conversi
981 2185 1088 2244 sunt.l
1124 2180 1216 2244 Licet
1226 2181 1294 2262 jam
1308 2179 1342 2243 in

120 2267 285 2333 nominatis
312 2265 409 2330 etiam
435 2264 609 2329 ditionibus
631 2265 740 2345 lingua
761 2283 879 2346 graeca
905 2272 991 2330 esset
1016 2271 1212 2347 propagata,
1238 2266 1342 2347 plebis

120 2359 219 2422 tamen
229 2351 389 2416 maximae
400 2350 487 2430 parti
498 2355 569 2414 erat
579 2350 749 2431 mengnita,
765 2356 797 2414 et
811 2351 884 2415 ideo
895 2351 1000 2415 versio
1011 2351 1141 2415 arabica
1151 2352 1341 2416 necessaria.

120 2437 279 2520 Ejusmodi
293 2437 472 2500 versionem

198 2525 225 2588 1.
249 2528 390 2604 quatuor
406 2520 642 2603 evangeliorum
657 2521 784 2585 saeculo
799 2520 853 2584 IV.
869 2526 927 2586 aut
940 2521 1030 2603 prius
1046 2539 1116 2586 esse
1131 2520 1263 2602 factam,
1279 2542 1342 2587 non

120 2610 241 2689 quidem
257 2606 394 2673 everbis
409 2605 535 2670 biblicis
548 2606 696 2685 Corani,8
711 2607 769 2672 sed
782 2607 857 2670 inde
873 2606 1023 2688 colligere
1036 2606 1120 2687 licet,
1136 2607 1223 2688 quod
1238 2608 1342 2672 serius

120 2694 147 2757 ln
161 2695 251 2776 Syria
274 2699 308 2757 et
328 2692 362 2755 in
376 2692 523 2772 Aegypto
546 2691 670 2756 nonnisi
692 2692 888 2772 reliquorum
902 2691 940 2755 N.
958 2692 992 2756 T.
1008 2691 1162 2757 librorum
1179 2694 1341 2759 versiones

121 2780 260 2844 arabicae
276 2783 351 2842 sunt
367 2786 527 2854 exaratae,
543 2796 605 2841 non
620 2783 729 2841 autem
740 2776 985 2858 evangeliorum,
1002 2796 1137 2858 quorum
1151 2779 1262 2859 itaque
1273 2800 1343 2844 ver-

121 2865 161 2929 sio
186 2863 349 2944 antiquior
372 2868 442 2926 erat
464 2862 628 2942 adoptata.
673 2862 860 2926 Versiouem
881 2863 963 2926 hanc
984 2881 1191 2942 promanasse
1214 2883 1232 2928 e
1252 2870 1343 2929 textu

120 2969 241 3030 graeco,
267 2950 363 3012 docet
377 2946 557 3012 accuratior
571 2947 667 3027 hujus
681 2947 951 3028 repraesentatio,
975 2947 1003 3011 si
1023 2946 1167 3012 ordinem
1181 2967 1295 3013 vocum
1310 2956 1343 3013 et

121 3034 324 3116 etymologiae
339 3052 474 3114 graecae
495 3032 707 3097 imitationem
722 3037 864 3112 spectes,
890 3031 976 3096 idem
997 3037 1089 3114 patet
1110 3051 1149 3097 ex
1170 3034 1342 3113 erroribus,

121 3122 170 3201 qui
190 3119 316 3186 nonnisi
338 3137 375 3183 ex
397 3117 543 3200 originali
566 3137 682 3199 graeco
706 3123 782 3199 apte
804 3117 1011 3198 explicantur.
1056 3117 1109 3183 Sic
1130 3138 1158 3183 v.
1179 3139 1208 3201 g.
1231 3138 1343 3185 versor

184 3359 192 3389 ¹
213 3353 311 3408 Versio
330 3351 481 3419 aethiopica
500 3351 657 3420 imperfecte
678 3351 750 3406 edita
771 3360 812 3406 est
829 3367 845 3405 a
862 3353 965 3405 duobus
987 3353 1098 3421 clericis,
1110 3353 1276 3421 aethiopicis,
1296 3355 1341 3424 qui

117 3424 327 3491 'manuscriptum
339 3421 452 3473 Romam
465 3419 619 3485 attulerant,
638 3421 739 3474 Rornae
753 3422 828 3475 1548.
842 3428 868 3473 et
882 3423 955 3474 1549.
969 3422 1060 3475 item.
1073 3423 1097 3476 4.
1122 3424 1154 3475 In
1166 3423 1245 3476 titulo
1258 3423 1341 3477 edito-

123 3506 161 3544 res
172 3491 263 3560 lingua
274 3489 425 3556 aethiopica
435 3489 550 3542 lectores
562 3490 601 3542 ita
612 3489 797 3556 alloquuntur:
815 3489 853 3554 „O
865 3496 957 3557 patres
969 3492 1021 3544 mei
1034 3497 1061 3544 et
1072 3490 1170 3544 fratres
1182 3491 1246 3543 mei!
1256 3492 1341 3560 vnolite

125 3559 222 3613 sinistre
234 3557 406 3625 interpretari
419 3557 516 3610 menda
527 3557 605 3611 istius
619 3557 777 3624 (editionis);
799 3559 843 3625 qui
862 3559 932 3610 enim
945 3558 1151 3626 impresserunt,
1173 3560 1343 3614 nesciverunt

125 3625 220 3694 legere,
239 3627 288 3680 no's
305 3633 396 3678 autern
407 3627 542 3678 nescimus
554 3626 715 3693 imprimere.
739 3627 832 3692 ltaque
842 3626 970 3692 juverunt
985 3643 1034 3680 nos
1046 3634 1074 3680 et
1085 3643 1133 3680 nos
1142 3627 1261 3694 juvimus
1273 3629 1342 3694 illos,

125 3696 188 3748 sicut
198 3711 294 3749 coecus
307 3710 415 3748 coecum
425 3695 509 3761 juvat.
534 3695 680 3762 Propterea
695 3695 824 3761 ignoscite
837 3695 913 3747 nobis
927 3700 953 3747 et
965 3694 1044 3748 illis.“
1065 3726 1099 3734 -
1120 3696 1185 3749 Post
1202 3702 1278 3750 actus
1290 3699 1342 3766 Ap.

126 3761 227 3831 legitur:
254 3765 328 3829 „Ista
345 3769 407 3815 acta
418 3761 607 3830 Apostolorum
620 3762 737 3814 maxima
749 3777 782 3815 ex
794 3769 870 3829 parte
882 3775 959 3815 versa
972 3769 1035 3816 sunt
1046 3763 1147 3817 Romae
1160 3779 1174 3817 e
1187 3764 1279 3833 lingua
1290 3765 1343 3819 Ro·

126 3846 197 3885 mana
208 3839 234 3885 et
245 3845 343 3900 graeca
354 3831 382 3882 in
393 3831 570 3898 aethiopicam
583 3838 693 3898 propter
704 3829 840 3884 defectum
851 3831 1001 3950 athefii'Pil
1015 3831 1045 3896 id
1054 3832 1124 3899 quod
1136 3831 1288 3886 addidimus
1301 3834 1343 3887 vel

125 3900 266 3964 omisimus,
288 3898 434 3952 condonate
450 3899 539 3964 nobis,
561 3906 714 3952 vosautem
733 3899 872 3952 emendate
884 3899 933 3951 rllu
953 3903 977 3950 .“
1012 3900 1116 3954 Textus
1127 3901 1209 3969 hujus
1220 3901 1343 3956 editionis

127 3969 225 4021 transiit
235 3970 263 4021 in
274 3965 422 4035 polyglotta
434 3966 621 4032 Londiuensia,
634 3974 661 4020 et
672 3967 700 4019 in
712 3967 846 4020 nonnullis
858 3967 1015 4021 emendatus
1027 3969 1055 4022 in
1067 3969 1221 4024 editionem:
1238 3969 1343 4022 Novum

128 4041 311 4089 testamentum
329 4035 477 4102 aethiopice
496 4052 556 4088 cum
573 4036 694 4089 versione
705 4034 789 4088 latina
800 4035 898 4088 Dudlei
910 4034 1023 4089 Loflnsii
1034 4038 1068 4091 ab
1080 4036 1159 4091 Edm.
1173 4038 1289 4091 Castello
1301 4053 1343 4091 re-

128 4105 232 4171 cognita,
244 4103 357 4157 Londin.
374 4103 446 4156 1657.
460 4102 506 4156 fol.
519 4135 552 4143 -
565 4104 669 4173 Singuli
680 4103 741 4156 libri
754 4119 770 4155 a
781 4103 904 4170 pluribus
916 4105 992 4170 prelo
1004 4113 1067 4159 sunt
1079 4106 1213 4160 submissi.

203 4173 339 4226 Versionis
355 4172 506 4225 amharicae
525 4172 629 4225 nonnisi
646 4171 826 4239 fragmentum
844 4187 882 4224 ev.
896 4171 986 4226 Lucae
1003 4173 1125 4227 innotuit.
1161 4172 1216 4227 Gir.
1228 4173 1254 4226 J.
1266 4173 1299 4225 Ε.
1312 4174 1341 4227 C.

130 4237 251 4294 Schmidt:
273 4240 382 4308 Beitrag
400 4256 449 4292 zur
460 4240 607 4293 Kenntniss
625 4240 672 4294 der
690 4239 878 4293 ambarischen
889 4239 1093 4309 Uebersetzung
1104 4242 1132 4294 in
1145 4243 1232 4294 seiuer
1243 4241 1342 4295 Biblio-

129 4304 187 4360 tbek
197 4308 240 4362 fiir
251 4308 349 4374 Kritik,
361 4309 484 4376 Exegese
497 4308 551 4362 und
563 4308 836 4376 Kirchengescbichte
848 4309 869 4361 I.
882 4316 951 4376 part.
984 4351 990 4362 .
1002 4311 1061 4364 307.
1075 4325 1146 4377 seqq.

190 4380 199 4410 ²
216 4376 269 4430 Gfr.
282 4375 441 4430 Theodoret.
454 4378 481 4428 h.
495 4392 518 4430 e.
530 4377 576 4430 IV.
589 4377 630 4430 23.
656 4378 757 4430 Socrat.
769 4376 795 4429 h.
808 4392 831 4429 e.
844 4376 877 4429 V.
891 4379 932 4430 36.
957 4326 1094 4431 §onumen
1106 4377 1132 4430 h.
1145 4393 1168 4429 e.
1180 4376 1226 4430 VI.
1240 4377 1281 4430 39.

189 4448 199 4478 ³
216 4446 281 4498 Was
293 4446 341 4496 hat
352 4444 496 4498 Mohamed
508 4460 556 4499 aus
573 4445 634 4498 dem
646 4445 664 4499 J
665 4444 812 4498 ndenthnm
829 4445 1050 4513 anigenommen?
1068 4462 1120 4498 von
1131 4445 1232 4499 Abrah.
1246 4445 1344 4568 Gelger

131 4507 198 4564 Bonn
211 4513 281 4567 1833.
295 4519 322 4565 et
333 4509 464 4566 Ad'albert
475 4513 563 4566 Maior
573 4514 602 4566 iu
617 4513 816 4567 dissertatione:
841 4513 1001 4567 christliche
1013 4513 1215 4568 Bestandtheile
1232 4514 1280 4568 des

131 4591 186 4632 reus
196 4580 234 4633 iu:
250 4580 412 4649 Freiburger
424 4581 539 4651 theolog.
552 4581 709 4636 Zeitschrift
721 4582 795 4634 1839.
807 4581 856 4634 Bd.
869 4581 982 4634 linea
995 4585 1017 4634 l.

1315 4530 1343 4566 0-
