3356 5176
148 473 278 520 comma
292 457 499 538 pertinerent,
515 479 542 524 v.
559 479 587 541 g.
605 459 662 525 Mt.
678 461 707 541 3,
725 461 774 526 11.
789 459 1066 549 11111καὶπορί,·
1087 461 1172 527 unde
1186 460 1307 528 factum
1323 470 1380 543 est,

147 546 189 604 ut
205 542 363 623 ejusmodi
378 544 475 609 verba
494 544 526 608 in
548 545 707 627 pericopis
723 547 840 612 omissa
855 547 905 612 vel
927 548 1076 628 adposita
1097 547 1193 612 etiarn
1218 548 1251 613 in
1266 548 1381 614 codici·
1433 599 1434 604 ,

147 627 213 691 bus
230 629 387 692 continuis
403 629 452 694 vel
473 629 669 696 adderentur
686 633 737 696 vel
757 633 981 698 omitterentur
1000 652 1021 697 a
1040 632 1192 713 librariis
1220 635 1275 714 qui
1297 635 1381 700 notis

145 712 382 794 marginalibus
397 715 521 779 seducti
536 715 586 781 vel
600 716 794 782 lectionariis
809 719 931 783 assueti
947 717 1103 799 ejusmodi
1117 718 1215 784 verba
1236 720 1269 784 in
1289 725 1380 786 textu

145 797 201 863 vel
216 799 329 864 addita
344 799 395 865 vel
410 801 527 866 omissa
543 820 613 868 esse
628 803 794 883 putabant.
826 803 888 869 Ofr.
905 802 932 883 ξ.
948 806 998 867 41.
1014 804 1043 868 4.
1059 823 1088 868 a.

714 1024 742 1106 ἓ.
765 1025 816 1090 38.

542 1160 591 1212 De
604 1160 687 1212 sacri
699 1163 810 1213 textus
822 1161 985 1211 divisione

367 1261 394 1328 c)
413 1276 471 1324 per
484 1259 618 1332 κεφάλαια
631 1265 663 1314 11
676 1265 793 1326 τίτλοος,
806 1277 865 1325 per
878 1262 986 1325 capita
999 1266 1031 1315 et
1041 1274 1163 1313 versus.
1200 1301 1201 1306 1

235 1398 369 1479 Antiqui
392 1417 518 1464 sacrum
537 1399 576 1463 N.
597 1400 632 1463 T.
654 1401 795 1466 codicem
820 1406 951 1482 praeter
975 1398 1143 1480 pericopas
1164 1399 1197 1463 in
1222 1398 1379 1465 sectiones

142 1485 229 1549 alias
246 1484 437 1563 diviserunt,
462 1486 538 1566 quin
559 1490 667 1551 tamen
682 1506 791 1552 omnes
807 1487 947 1552 omnium
966 1492 1146 1566 temporum
1161 1503 1199 1548 ac
1214 1485 1379 1566 regionum

142 1571 206 1644 hac
221 1571 255 1634 in
272 1589 307 1634 re
322 1571 532 1636 convenirent.
574 1571 623 1634 Ex
637 1572 724 1638 hisce
740 1572 935 1638 sectionibus
950 1575 1129 1636 memoratu
1144 1570 1290 1650 digniora
1305 1576 1380 1636 sunt

237 1657 265 1719 1.
289 1655 321 1720 in
337 1656 508 1737 evangeliis
523 1656 684 1748 κεφάλαια
701 1663 733 1724 11
746 1656 857 1737 atrior,
874 1676 932 1723 seu
947 1657 1088 1737 capitula
1104 1661 1137 1721 et
1151 1655 1274 1720 breves.

233 1739 269 1822 a)
292 1741 467 1831 Κεφάλαια
497 1743 535 1804 ab
562 1742 726 1806 Ammonio
757 1744 969 1822 descendunt,
999 1742 1085 1808 unde
1114 1746 1148 1807 et
1172 1741 1379 1808 Ammoniace

145 1826 301 1892 dicuutur
315 1826 366 1893 vel
380 1826 487 1906 capita
500 1828 648 1908 Eusebia',
669 1829 724 1909 qui
744 1847 781 1894 ea
802 1829 910 1909 aptius
925 1826 1072 1893 adhibuit
1088 1832 1121 1892 11
1136 1828 1377 1892 commendavit.

146 1912 337 1977 Ammonius
359 1911 507 1976 nimirum
522 1912 755 1978 Alexandrinus
777 1914 862 1978 intra
881 1914 980 1978 annos
995 1912 1167 1976 222—250
1180 1912 1379 1977 harmoniam

149 2003 290 2080 quatuor
311 1998 546 2078 evangeliorum
566 1998 713 2079 confecit,
741 2003 773 2064 et
794 2000 878 2065 hunc
899 2000 932 2063 in
951 1997 1046 2062 finem
1066 1997 1138 2078 ipsa
1161 1997 1325 2079 evangelia
1346 1998 1380 2063 in

151 2085 316 2163 sectiones,
332 2083 473 2148 numeris
489 2085 555 2148 suis
568 2084 711 2166 signatas
723 2085 840 2165 divisit,
857 2083 1030 2165 etquidem
1043 2083 1243 2156 Matthaeum
1258 2083 1378 2164 11355,

154 2170 295 2235 Marcum
310 2169 342 2233 in
357 2169 434 2249 236,
456 2169 577 2234 Lucam
593 2170 627 2234 in
642 2171 705 2234 342
720 2176 753 2236 et
767 2171 923 2236 loannem
937 2171 970 2234 in
985 2170 1056 2234 232.
1101 2169 1183 2233 Dein
1198 2169 1240 2232 ad
1255 2173 1378 2233 textum

149 2255 347 2338 singulorum
363 2255 504 2335 capitum
519 2255 677 2320 Matthaei
695 2255 782 2322 locos
800 2256 971 2338 parallelos
993 2260 1026 2320 et
1045 2254 1164 2320 similes
1183 2254 1378 2334 reliquorum

148 2341 387 2424 evangeliorum
402 2341 542 2405 numeris
558 2341 625 2405 suis
641 2341 764 2421 citavit;
781 2362 864 2423 quae
879 2341 1012 2424 singulis
1028 2340 1232 2422 evangelistis
1247 2341 1379 2421 propria

147 2432 236 2506 sunt,
259 2426 337 2491 locis
354 2427 608 2507 competentibus
624 2427 778 2508 evangelii
794 2427 950 2492 Matthaei
972 2426 1120 2505 inseruit;
1147 2444 1231 2506 quae
1245 2445 1321 2491 vero
1336 2426 1377 2491 ab

146 2513 208 2578 alio
225 2511 423 2593 evangelista
439 2511 555 2576 clarius
571 2512 736 2593 dicuntur,
759 2513 861 2577 textui
877 2511 1033 2577 Matthaei
1049 2511 1225 2576 substituit.
1240 2547 1283 2556 -
1298 2512 1379 2576 Rem

145 2599 191 2662 ita
208 2617 245 2663 11
260 2597 394 2676 habere,
418 2598 589 2663 edocemur
603 2599 644 2662 ab
659 2597 813 2678 Eusebio,
835 2599 890 2679 qui
904 2598 937 2663 in
953 2617 1001 2678 ep.
1017 2598 1059 2662 ad
1075 2596 1270 2678 Carpianum
1284 2597 1378 2662 dicit:

137 2679 328 2768 Ἀμμώνιος
347 2679 605 2772 ὁἈλεξανὸρεύς
619 2720 661 2728 -
675 2719 718 2729 -
731 2685 769 2750 τὸ
791 2683 845 2750 dtol
864 2683 1030 2771 τεσσάρων
1052 2679 1128 2772 ἡμῖν
1146 2683 1379 2750 καταλέλοιπεν

144 2766 345 2853 εὐαγγέλιον,
366 2769 414 2854 τῷ
433 2770 516 2834 κατὰ
531 2774 717 2836 Mareotae
736 2769 795 2848 τὰς
810 2767 1005 2858 ὁμοφώνους
1023 2771 1089 2834 τῶν
1103 2769 1229 2835 λοιπῶν
1243 2765 1377 2853 εὐαγγε-

144 2851 669 2940 11111περικόπαςπαρωείς,
694 2858 727 2918 11
749 2873 767 2919 1
788 2854 935 2918 versione
955 2853 1055 2917 latina
1075 2853 1160 2917 illius
1183 2854 1377 2934 harmoniae,

145 2958 230 3022 quae
246 2939 407 3004 aVictore
420 2938 495 3018 Gap.
513 2938 656 3004 confecta
671 2940 713 3003 ad
727 2957 785 3003 nos
799 2938 953 3019 pervenit.
966 2941 976 2980 ¹
988 2973 1030 2982 -
1045 2938 1179 3003 Saeculo
1191 2939 1245 3002 IV.
1275 2938 1377 3003 Euse-

144 3026 219 3090 bius
236 3024 327 3090 Caes.
344 3024 454 3089 decern
469 3024 596 3088 tabulas
613 3043 670 3089 seu
685 3043 821 3089 canones
837 3022 983 3102 confecit,
1007 3042 1143 3104 quorum
1158 3042 1219 3104 ope
1234 3028 1301 3086 tam
1315 3023 1376 3087 loci

144 3109 293 3192 paralleli
309 3114 341 3175 et
360 3109 493 3189 similes,
518 3107 613 3190 quam
634 3111 733 3175 cuivis
749 3109 1016 3191 evangelistarum
1038 3107 1170 3190 propria
1183 3107 1277 3172 facile
1291 3109 1377 3173 inve-

146 3197 207 3262 niri
222 3199 363 3277 possent.
408 3195 503 3261 Hunc
516 3196 548 3260 in
563 3194 658 3261 finem
679 3196 836 3260 sectiones
850 3194 1073 3260 Ammoniacas
1092 3194 1125 3258 in
1140 3195 1284 3276 margine
1299 3213 1377 3274 qua-

148 3288 223 3348 tuor
250 3281 486 3362 evangeliorum
512 3283 614 3347 literis
639 3281 856 3347 numeralibus
882 3281 1035 3363 signavit,
1066 3280 1139 3346 dein
1164 3281 1207 3344 ad
1223 3279 1376 3360 ‚quamvis

147 3368 322 3434 sectionem
337 3367 540 3448 examinavit,
557 3387 631 3432 num
647 3386 756 3432 omnes
772 3373 911 3449 quatuor
925 3366 1152 3448 evangelistae,
1168 3371 1291 3431 autres
1306 3370 1377 3429 tan-

148 3461 231 3532 turn,
248 3471 290 3516 an
306 3452 369 3517 duo
385 3452 486 3517 solum
502 3453 542 3518 de
558 3454 670 3519 eadem
684 3452 736 3517 vel
750 3453 845 3517 simili
860 3472 896 3519 re
911 3457 1021 3533 agant,
1045 3471 1086 3516 an
1102 3452 1188 3516 dicta
1201 3450 1376 3532 peculiaria

146 3541 224 3618 sint;
241 3537 383 3602 numeris
397 3537 593 3619 singularum
606 3539 782 3605 sectionum
797 3539 829 3602 in
841 3556 916 3603 casu
927 3538 1031 3618 primo
1044 3536 1180 3617 subjecit
1194 3537 1320 3601 literam
1336 3537 1374 3618 α’,

148 3625 180 3689 in
195 3624 337 3689 secundo
352 3623 477 3689 literam
492 3625 538 3709 ,1,
562 3623 604 3710 γ’,
628 3625 668 3706 d,
693 3630 790 3705 prout
804 3623 866 3688 loci
887 3620 1032 3704 paralleli
1046 3621 1251 3687 inveniuntur
1272 3623 1376 3688 autin

147 3710 328 3789 Matthaeo,
349 3710 458 3774 Marco
474 3715 507 3776 et
521 3711 621 3791 Luca,
644 3710 748 3774 autin
763 3710 942 3788 Matthaeo,
964 3709 1052 3772 Luca
1068 3711 1101 3772 et
1115 3707 1136 3772 J
1138 3726 1255 3788 oanne,
1271 3709 1375 3772 autin

147 3795 323 3874 Matthaeo,
339 3795 447 3860 Marco
464 3801 496 3860 et
506 3796 527 3860 J
529 3815 642 3876 oanne;
658 3796 690 3860 in
702 3814 778 3860 casu
792 3795 889 3860 tertio
902 3794 1041 3875 capitum
1056 3794 1197 3858 numeris
1214 3793 1375 3874 subscrip-

147 3881 189 3946 sit
214 3881 341 3946 literam
367 3879 404 3960 a‘,
432 3881 471 3962 ζ,
500 3881 540 3964 ζ,
566 3883 609 3970 η’,
635 3881 686 3964 θ’,
712 3885 810 3962 prout
834 3880 886 3946 vel
907 3880 1091 3945 Matthaeus
1117 3885 1150 3944 et
1173 3880 1292 3959 Lucas,
1323 3879 1374 3944 vel

149 3966 332 4031 Matthaeus
349 3970 381 4030 et
396 3967 539 4047 Marcus,
561 3967 612 4032 vel
627 3968 811 4032 Matthaeus
828 3972 860 4032 11
874 3967 895 4032 J
897 3984 1028 4046 111111,
1050 3965 1102 4031 vel
1115 3966 1219 4030 Lucas
1241 3970 1274 4030 et
1289 3965 1375 4028 Mar-

149 4071 218 4131 cus,
247 4051 298 4116 vel
318 4051 422 4116 Lucas
443 4056 475 4117 11
496 4053 636 4118 Joannes
662 4052 702 4117 de
728 4053 840 4118 eadem
865 4072 900 4117 re
926 4056 1041 4133 agunt,
1071 4050 1209 4131 denique
1234 4050 1374 4114 numeris

150 4138 331 4215 sectionum,
345 4156 428 4217 quae
441 4137 539 4203 cuivis
552 4138 766 4220 evangelistae
777 4138 954 4219 peculiares
966 4142 1049 4217 sunt,
1062 4136 1199 4218 subjecit
1207 4135 1333 4200 literam
1345 4135 1374 4201 ι’.

150 4257 190 4266 -—
208 4223 305 4288 Hisce
326 4223 435 4288 decem
454 4223 582 4288 tabulas
601 4242 660 4289 seu
679 4243 816 4289 canones
836 4242 910 4288 suos
930 4223 977 4288 ita
997 4223 1177 4304 adaptavit,
1201 4227 1237 4284 ut
1251 4221 1373 4302 primus

152 4327 247 4374 canon
261 4307 356 4373 litera
372 4309 401 4376 α’
419 4309 590 4389 insignitus
611 4311 644 4374 in
659 4314 798 4390 quatuor
820 4309 972 4374 columnis
988 4307 1153 4374 exhiberet
1166 4307 1252 4372 locos
1267 4306 1372 4388 paral-

152 4393 225 4459 lelos
240 4395 380 4460 numeris
394 4394 553 4460 Ammonii
566 4395 723 4463 indicatos
739 4401 878 4478 quatuor
898 4394 1177 4476 evangelistarum
1204 4393 1371 4472 secundus

217 4581 229 4615 ²
246 4578 300 4634 Gfr.
314 4578 436 4635 Galland.
448 4577 511 4634 bibl.
524 4583 632 4648 patrum
643 4585 706 4634 tom.
719 4579 754 4634 11.
