3314 5166
612 294 874 358 —-85——

548 533 578 582 2.
597 531 773 583 versiones
785 533 937 592 syriacae.
988 567 991 574 .

692 685 720 766 ξ.
740 686 791 751 57.

573 821 602 886 a)
626 821 741 873 versio
754 822 912 874 Pesohito.

209 977 303 1041 Inter
323 975 485 1040 versiones
505 975 646 1056 syriacas
667 976 889 1056 antiquissima
911 983 943 1040 et
968 982 1146 1040 memoratu
1169 976 1355 1058 dignissima
1414 1023 1416 1028 -

127 1067 173 1126 est
187 1060 352 1144 Pesebe'to,
378 1059 524 1142 simplex,
550 1061 662 1142 procul
688 1061 784 1126 dubio
807 1062 880 1126 ideo
904 1061 1004 1141 dicta,
1030 1062 1187 1142 quianon
1207 1065 1356 1144 exprimit

122 1166 253 1224 ¹sensum
285 1146 507 1228 allegoricum,
535 1146 664 1211 doctum
688 1153 745 1210 aut
769 1147 1037 1228 periphrasticum
1062 1147 1265 1230 (midrasch),
1298 1151 1355 1214 sed

125 1233 435 1313 historico-logicum
450 1230 609 1312 (pascbut,
624 1233 793 1314 pescbito).

207 1317 327 1380 Petraia
354 1318 450 1398 hujus
479 1317 634 1382 versionis
662 1337 724 1382 non
753 1324 803 1382 est
832 1319 1014 1398 quaerenda
1042 1318 1075 1382 iu
1105 1318 1355 1386 occidentalibus

126 1403 235 1482 Syriae
259 1403 461 1485 regionibus;
481 1421 555 1466 nam
577 1421 656 1468 aevo
672 1403 847 1484 apostolico
864 1410 897 1468 et
910 1404 1053 1483 proxime
1069 1409 1178 1468 secuto
1194 1405 1226 1468 in
1241 1404 1354 1471 Palae-

126 1489 206 1552 stina
232 1488 394 1554 dialectus
420 1489 580 1552 aramaica
606 1494 677 1552 erat
702 1489 886 1567 vernacula,
914 1496 947 1554 et
970 1489 1003 1552 in
1030 1489 1122 1569 Syria
1146 1490 1354 1555 Antiochensi

126 1579 219 1654 atque
242 1575 447 1638 Damascena
469 1573 581 1653 primis
600 1571 676 1638 fidei
697 1574 833 1639 saeculis
853 1574 963 1656 lingua
981 1593 1098 1655 graeca
1112 1576 1145 1638 iu
1161 1575 1354 1656 civitatibus,

126 1659 177 1721 ubi
199 1659 317 1740 religio
341 1658 515 1722 christiana
534 1660 670 1723 maxime
690 1658 840 1740 florebat,
867 1661 947 1724 adeo
962 1660 1027 1723 late
1043 1666 1113 1723 erat
1127 1665 1306 1741 propagata
1321 1667 1355 1726 et

126 1745 253 1824 usitata,
270 1750 309 1809 ut
324 1743 470 1809 versione
485 1743 523 1806 N.
540 1744 574 1806 T.
591 1745 715 1825 syriaca
729 1764 791 1808 non
807 1752 893 1810 essct
908 1764 997 1825 opus.
1027 1745 1088 1808 Ast
1103 1752 1191 1808 trans
1206 1745 1354 1826 Euphra-

127 1834 202 1908 tem,
229 1831 264 1894 in
281 1829 516 1910 Mesopotamia
532 1831 798 1910 septemtrionali,
825 1831 882 1894 ubi
897 1831 1044 1911 copiosae
1060 1829 1212 1894 ecclesiae
1227 1838 1353 1896 mature

126 1911 297 1995 florebant,
321 1915 430 1997 lingua
444 1932 560 1996 graeca
576 1915 702 1996 cognita
717 1915 859 1995 quidem,
877 1921 909 1979 et
925 1933 1006 1978 saec.
1022 1915 1079 1977 ill.
1097 1919 1129 1978 et
1143 1914 1196 1978 IV.
1213 1915 1245 1979 in
1259 1935 1353 1996 prae·

128 1999 224 2079 cipuis
241 2001 428 2065 civitatibus
444 2000 494 2063 vel
509 2000 636 2064 scholae
651 2019 786 2080 graecae
808 2005 898 2064 erant
920 2005 1061 2077 erectae3
1081 2005 1224 2063 attamen
1244 1999 1352 2082 lingua

127 2086 248 2164 syriaca
268 2087 382 2167 populi
406 2093 476 2149 erat
494 2085 664 2150 vernacula
686 2090 718 2149 et
739 2086 807 2149 ruri
829 2084 896 2149 sola
916 2085 1059 2166 cognita,
1088 2085 1190 2148 itaut
1211 2085 1352 2148 Edessae

125 2174 253 2248 praeter
268 2191 419 2253 graecam
435 2171 531 2234 etiam
547 2171 671 2250 syriaca
684 2168 944 2251 frequentaretur
958 2171 1074 2234 schola.
1120 2171 1227 2246 Quare
1247 2171 1352 2236 versio

128 2253 274 2321 Peschito
290 2256 515 2338 proculdubio
531 2261 602 2320 orta
618 2262 668 2320 est
683 2254 830 2334 Edessae,
849 2259 881 2320 et
896 2256 1034 2336 quidem,
1051 2256 1077 2320 si
1092 2275 1155 2319 uon
1169 2256 1272 2336 priua,
1290 2256 1352 2321 sal-

127 2345 187 2404 tem
212 2348 291 2423 post
316 2341 457 2406 medium
484 2360 565 2406 saec.
592 2342 632 2404 Il.
676 2341 804 2405 Etenim
831 2342 1004 2422 scriptores
1031 2341 1183 2406 ecclesiae
1209 2342 1352 2422 syriacae

129 2427 243 2491 saeculi
254 2428 297 2490 Η.
308 2433 340 2492 et
350 2427 418 2505 lli,
433 2431 471 2489 ut
482 2425 684 2489 Berdesaaes
700 2432 811 2490 contra
825 2427 1020 2491 Marcionem
1036 2431 1069 2491 et
1083 2426 1162 2490 alias
1177 2427 1352 2506 haereses,1

129 2514 157 2573 ct
169 2513 369 2575 Harmodios
385 2513 454 2593 ejus
468 2510 583 2592 filius,2
597 2511 629 2575 in
640 2511 814 2576 lectoribus
826 2513 914 2592 Syris
926 2513 1157 2576 accuratiorem
1168 2519 1353 2592 supponunt

127 2593 279 2662 librorum
294 2597 333 2661 N.
346 2598 380 2660 T.
398 2597 623 2678 coguitionem;
639 2597 743 2661 versio
758 2598 908 2662 Peschito
919 2599 987 2678 jam
1002 2616 1022 2660 a
1037 2616 1061 2661 s.
1077 2597 1259 2677 Ephraemo
1274 2597 1352 2662 dici-

127 2682 345 2765 tur„n0stra“,
358 2701 434 2764 ergo
447 2683 593 2764 antiqua;
605 2688 615 2724 ³
627 2682 701 2746 libri
713 2684 861 2763 quinque,
875 2683 930 2763 qui
940 2683 973 2746 in
984 2684 1044 2747 hac
1051 2683 1197 2747 versione
1208 2684 1352 2764 deerant,

126 2768 249 2848 tempus
275 2768 406 2850 originis
429 2769 498 2848 ejus
518 2769 583 2831 tale
603 2767 758 2847 indicant,
783 2787 845 2848 quo
870 2768 978 2832 Canon
1001 2769 1140 2831 noudum
1164 2772 1234 2832 erat
1253 2767 1350 2848 fixus;

127 2849 263 2935 denique
279 2872 387 2918 omues
399 2859 506 2918 sectae
518 2852 620 2916 serius
632 2858 746 2917 enatae
758 2853 839 2916 hanc
849 2853 1027 2916 versionem
1039 2853 1248 2931 retinuerunt,
1265 2854 1352 2933 quod

126 2939 246 3003 nonnisi
266 2959 304 3004 ex
318 2938 523 3003 veneratione
545 2938 613 3019 ejus
636 2937 676 3001 ob
699 2938 1179 3018 antiquitatispraerogativam
1200 2938 1350 3017 explicari

126 3029 237 3099 potest.
1260 3035 1261 3039 ’

206 3110 256 3174 Ut
279 3109 396 3187 Italae,
423 3109 470 3172 ita
496 3109 593 3172 etiam
618 3107 773 3172 versionis
796 3107 944 3171 Peschito
972 3120 1080 3169 acetos-
1103 3108 1274 3190 laeopadas
1296 3120 1349 3170 est.

129 3189 270 3259 Traditio
280 3195 433 3275 Syrorum
448 3194 589 3258 nominat
601 3193 693 3256 Adai
704 3193 860 3273 Apostoli,
876 3193 895 3256 i.
913 3211 938 3258 e.
954 3192 975 3256 J
977 3193 1060 3257 udae
1076 3192 1239 3256 Thaddaei
1255 3192 1349 3256 disci-

127 3277 254 3360 pulos,4
274 3284 307 3344 et
320 3281 354 3343 in
370 3279 476 3359 specie
492 3278 603 3364 Aptae
620 3279 856 3359 evangeliorum
870 3297 1035 3343 versorum
1050 3283 1221 3342 auctorem.
1255 3278 1349 3341 Atta-

129 3378 195 3427 men
216 3367 298 3429 haec
321 3365 443 3429 incerta
468 3370 557 3443 sunt,
585 3370 618 3427 et
639 3384 702 3428 non
724 3365 885 3443 nituntur,
911 3363 971 3428 nisi
994 3363 1186 3427 auctoritate
1202 3361 1350 3443 Gregorii

129 3445 335 3529 Barhebraei,
357 3451 454 3514 etiam
468 3448 703 3513 Abulfaradsch
719 3449 811 3528 dicti,
828 3450 883 3529 qui
898 3451 1122 3513 demumsaec.
1138 3447 1226 3511 Xlll.
1241 3447 1350 3512 vixit⁵

129 3529 229 3601 Unum
243 3536 443 3616 eundemque
455 3540 619 3598 auctorem
634 3553 742 3598 omnes
752 3535 848 3614 hujus
859 3534 1014 3598 versionis
1026 3533 1124 3598 libros
1136 3533 1356 3613 transtulisse„

131 3615 248 3686 indoles
264 3622 332 3702 ejus
347 3621 468 3700 ubique
482 3620 626 3701 aequalis
647 3620 748 3683 docet.
793 3618 909 3683 Utrum
932 3619 972 3683 ab
995 3619 1105 3682 eodem
1128 3623 1273 3698 auctore,
1293 3619 1350 3699 qui

131 3718 162 3766 se
175 3705 303 3788 linguae
325 3711 460 3787 graecae
483 3711 515 3769 et
534 3705 676 3786 syriacae
696 3704 925 3784 peritissimum
946 3703 1101 3783 ostendit,
1126 3703 1223 3767 etiam
1244 3705 1348 3770 versio

132 3791 249 3866 syriaca
263 3792 300 3855 V.
316 3792 351 3854 F.
368 3792 410 3855 sit
425 3789 577 3869 coniecta,
592 3790 749 3854 incertum
764 3795 822 3852 est.

210 3877 397 3942 Versionem
411 3877 559 3940 Peschito
574 3876 732 3956 prodiisse
748 3897 762 3936 e
777 3887 861 3937 teate
874 3896 1002 3959 praeco,
1025 3874 1140 3938 docent
1155 3875 1190 3956 α)
1205 3893 1299 3939 voces
1315 3881 1349 3939 et

143 4013 325 4024 5-

195 4101 202 4129 ¹
221 4097 287 4149 Eus.
306 4096 332 4148 h.
352 4111 374 4148 e.
391 4094 436 4147 IV.
456 4096 497 4148 28.
514 4101 666 4162 praeparat.
684 4109 776 4161 evang.
794 4093 839 4145 VI.
858 4093 898 4144 10.
918 4109 938 4146 s.
958 4092 1111 4162 Hieronym.
1131 4093 1164 4145 de
1181 4092 1245 4145 viris
1263 4091 1346 4144 illust.

134 4162 205 4266 aaa
222 4231 419 4286 manresa.
433 4247 456 4284 e.
469 4229 515 4283 xv.
528 4231 569 4284 aa
596 4233 700 4284 Assem.
713 4229 776 4283 arai.
790 4229 884 4282 orient,
897 4235 959 4282 am.
973 4229 993 4281 1.
1006 4246 1032 4296 p.
1045 4229 1086 4282 aa.

194 4305 204 4333 ³
220 4300 365 4367 Ephraem.
378 4316 438 4367 opp.
451 4307 514 4351 tom.
527 4299 548 4351 I.
561 4316 587 4366 p.
600 4300 658 4352 380.

194 4371 203 4401 ³
220 4369 252 4421 In
269 4369 464 4434 subscriptione
481 4367 611 4434 evangelii
629 4383 681 4436 syr.
699 4366 811 4434 legitur:
836 4365 1000 4430 „Absolutus
1019 4372 1060 4418 est
1071 4369 1191 4444 ‘sanctus
1211 4363 1257 4415 ille
1277 4361 1347 4442 liber

90 4493 92 4499 ⁸
134 4432 1086 4557 llllblidulefiffllptfib{SilillllllllllihlilAplwh'
1104 4431 1346 4498 ⁸⁰⁰¹¹M³YM³¹¹E

194 4521 406 4626 &Barhebraeus
418 4520 626 4626 aegeums'are.
639 4544 751 4638 praelat.
765 4543 792 4624 et
803 4543 960 4624 Wisemann
972 4569 1034 4622 hist.
1048 4569 1153 4638 dynast.
