3428 5180
792 299 964 365 -268
1008 337 1075 344 -

321 477 359 537 ut
374 490 486 538 servus
496 471 615 536 Christi
628 471 662 536 in
676 471 822 536 omnibus
837 471 961 536 muneri
976 489 1034 536 suo
1046 469 1232 536 satisfacere
1243 477 1385 550 conetur,
1402 471 1544 552 exponit;

322 558 363 622 de
379 575 437 622 suo
452 576 560 622 amore
576 557 727 621 certiores
743 575 798 622 eos
813 557 935 636 reddit,
959 562 993 621 et
1011 565 1049 621 ut
1067 557 1175 638 ipsum
1188 555 1371 635 reclament,
1395 563 1503 622 monet
1517 557 1544 636 6,

325 644 440 707 1-13.
469 643 529 706 His
551 642 697 724 adjnngit
718 643 881 720 monitum,
904 649 941 706 ut
963 642 1025 707 sibi
1045 647 1179 707 caveant
1201 641 1242 705 ab
1257 643 1343 706 omni
1358 643 1545 707 commercio

323 747 396 792 cum
410 727 580 792 indolatria
595 732 628 792 et
649 728 689 791 ab
711 728 796 792 omni
817 727 1057 808 inquinamento
1079 727 1184 792 carnis
1207 727 1236 806 6,
1261 727 1374 805 14-7,
1399 727 1427 790 l.
1466 727 1546 792 Sea

324 812 496 878 Corinthiis
511 811 666 877 offensum
677 831 748 878 esse
759 831 888 894 negano,
906 821 937 877 et
947 812 1193 878 sollicitudinem
1205 831 1297 876 suam
1308 809 1547 877 confidentiam·

323 917 386 982 que
401 903 583 963 contestans
597 898 640 962 ad
655 897 763 961 Titum
778 899 894 962 transit
910 903 942 962 et
956 898 999 962 ad
1021 898 1184 976 solatium,
1208 897 1295 978 quod
1316 896 1370 961 ille
1394 897 1545 962 Corintho

322 1001 470 1072 reversus
491 984 555 1064 ipsi
575 983 736 1062 attulerit,
760 983 935 1064 laudatque
957 983 1094 1048 lectores
1116 983 1156 1048 ob
1179 982 1395 1048 obedientiam
1419 983 1546 1048 monitis

323 1070 392 1150 ejus
407 1069 596 1149 praestitam
613 1069 641 1148 7,
657 1069 771 1132 2-16,

407 1153 446 1216 Io
456 1154 498 1217 ll.
509 1166 603 1238 parte
619 1176 644 1216 ο.
662 1154 690 1217 8.
703 1165 732 1216 et
743 1153 774 1216 9.
803 1153 978 1234 Apostolus
993 1153 1061 1234 agit
1076 1154 1116 1218 de
1132 1153 1282 1218 collectis.
1311 1152 1357 1216 Ut
1366 1151 1545 1217 Corinthios

324 1239 366 1304 ad
382 1257 437 1304 eas
451 1245 577 1319 promte
592 1240 792 1319 peragendas
807 1243 950 1316 moveat,
973 1245 1126 1319 provocat
1147 1239 1190 1303 ad
1205 1237 1384 1318 exemplum
1400 1238 1546 1302 ecclesia-

323 1343 394 1388 rum
410 1323 625 1402 Macedoniae,
642 1324 684 1388 ad
699 1324 878 1404 exemplum
894 1322 1022 1402 Christi,
1039 1325 1095 1404 qui
1108 1342 1233 1404 pauper
1246 1322 1350 1388 iactus
1366 1329 1425 1402 est,
1442 1329 1479 1386 ut
1494 1341 1546 1388 eos

323 1409 452 1488 ditaret,
470 1415 502 1474 et
517 1409 559 1472 ad
574 1428 685 1473 eorum
700 1409 839 1488 priorem
853 1409 1125 1490 promtitudinem,
1146 1409 1189 1474 ad
1203 1409 1315 1473 laudes
1330 1426 1416 1486 suaa,
1433 1409 1546 1489 quibus

323 1495 356 1558 in
372 1493 559 1558 Macedonia
575 1512 686 1558 eorum
701 1492 941 1558 beneficentiam
964 1494 1119 1572 celebret,
1143 1495 1185 1558 ad
1199 1494 1455 1559 benedictionem
1470 1493 1546 1557 divi-

324 1597 407 1656 nam,
424 1597 506 1658 quae
522 1597 632 1643 eorum
647 1578 800 1644 beneficia
816 1587 979 1660 sequatur,
996 1587 1028 1644 et
1043 1581 1086 1644 ad
1100 1580 1276 1661 gratiarum
1289 1579 1448 1644 actionem
1463 1597 1545 1642 amo

326 1682 458 1744 remque
473 1665 716 1745 acceptantium.
760 1665 906 1744 Denique
922 1665 1014 1728 Titus
1030 1665 1163 1745 eJusque
1178 1664 1242 1728 duo
1258 1664 1399 1743 comitae,
1416 1663 1471 1743 qui
1487 1663 1546 1728 col·

323 1749 425 1814 lectas
440 1749 594 1813 directuri
609 1750 682 1829 sint,
698 1747 908 1814 confidentiae
923 1768 1034 1814 eorum
1049 1749 1319 1814 commendantur.

409 1835 449 1896 Io
460 1848 554 1919 parce
568 1834 630 1898 ΙΙΙ.
647 1859 671 1898 c.
687 1837 737 1915 10,
754 1835 934 1908 1-1'3‚·1o.
965 1835 1085 1899 Paulus
1100 1836 1297 1900 convertitur
1312 1839 1424 1899 contra
1438 1834 1546 1898 adver-

324 1919 426 1983 sarios
442 1939 526 1984 suos.
570 1919 686 2000 Incipit
702 1939 833 2000 rogans,
855 1939 895 1985 ne
911 1939 997 1998 eum,
1021 1921 1243 2000 cumvenerit,
1267 1919 1422 1984 adhibere
1437 1923 1546 2000 cogant

324 2006 543 2083 severitatem,
567 2006 608 2069 ad
624 2024 721 2085 quam
737 2006 945 2070 exercendam
960 2025 979 2069 a
996 2005 1123 2071 Christo
1137 2011 1301 2086 potestate
1315 2005 1493 2068 instructus
1507 2003 1546 2068 sit

326 2091 375 2169 10,
393 2090 505 2153 1-11.
521 2125 564 2133 -
578 2091 845 2155 adversariorum
860 2090 1080 2170 criminationi,
1097 2109 1132 2156 se
1146 2109 1247 2155 vanae
1263 2090 1385 2171 gloriae
1400 2089 1546 2169 cupidum

325 2182 428 2239 semet
442 2176 546 2255 ipsum
563 2177 793 2253 commendare,
810 2176 951 2256 opponit,
968 2194 1080 2240 senon
1096 2176 1235 2258 gloriari,
1252 2176 1313 2240 nisi
1329 2175 1469 2240 deveris
1485 2174 1545 2238 suis

325 2260 465 2338 meritis,
488 2279 571 2340 quae
587 2279 625 2325 ex
640 2279 748 2325 amore
763 2261 918 2326 lectorum
933 2279 1065 2325 suorum
1079 2261 1152 2326 ideo
1168 2268 1346 2339 recenseat,
1370 2265 1408 2323 ut
1423 2279 1443 2324 a
1458 2260 1547 2324 scdu-

328 2344 470 2410 ctorihus
492 2345 554 2409 sibi
576 2351 708 2410 caveant
732 2349 781 2424 10,
806 2347 940 2425 12-11,
964 2347 992 2409 6.
1015 2382 1057 2390 -
1080 2345 1315 2412 Commemorat
1340 2364 1438 2426 porro
1461 2363 1547 2408 suam
1575 2383 1579 2390 ·

327 2430 444 2512 agendi
466 2431 622 2494 rationem
643 2431 684 2495 ah
708 2431 793 2494 omni
808 2431 888 2495 lucri
903 2439 960 2495 aut
975 2432 1132 2495 commodi
1147 2432 1256 2495 studio
1270 2430 1407 2495 alienam
1424 2430 1474 2509 11,
1491 2430 1546 2492 7-

327 2516 388 2592 21,
411 2515 484 2583 dein
500 2517 751 2596 praerogativae,
774 2535 855 2596 quas
877 2535 947 2580 cnm
963 2517 1156 2582 adversariis
1171 2516 1289 2581 haheat
1304 2533 1497 2594 communes
1518 2519 1547 2579 et

328 2600 446 2664 multas
461 2619 537 2664 suas
551 2600 774 2666 tribulationes
790 2620 1023 2681 aerumnasque
1038 2602 1070 2665 in
1085 2601 1241 2683 evangehi
1255 2601 1448 2679 ministerio,
1471 2617 1547 2680 quae

329 2685 390 2748 sibi
412 2685 475 2748 sint
493 2685 675 2767 pecuhares
691 2689 738 2766 11,
754 2688 904 2765 22-33,,
928 2687 1065 2767 denique
1085 2687 1223 2751 visiones
1242 2705 1317 2750 suas
1332 2705 1371 2750 ac
1386 2685 1548 2750 revelatio

262 2804 266 2812 ·
327 2789 403 2848 nes,
426 2789 509 2850 quae
524 2777 648 2835 arctum
668 2790 762 2836 suum
776 2791 891 2836 nexum
907 2790 978 2836 cum
994 2772 1121 2837 Christo
1137 2777 1357 2836 contestantur
1372 2771 1424 2849 12,
1442 2769 1547 2832 1-14,

329 2891 370 2900 -
385 2855 575 2938 apologiam
591 2875 682 2921 suam
697 2858 821 2930 nonnisi
837 2875 909 2922 eum
929 2857 1048 2922 hahere
1065 2857 1160 2922 finem
1182 2857 1336 2935 affirmat,
1360 2859 1397 2918 ut
1417 2855 1548 2920 lectores

328 2941 548 3020 emendentur3
564 2943 691 3022 repetit,
708 2961 743 3006 se
759 2943 901 3007 severius
917 2949 1063 3007 acturum
1079 2961 1150 3007 esse
1165 2952 1239 3023 post
1255 2960 1348 3006 suum
1369 2941 1547 3017 adventum,

327 3027 389 3092 nisi
403 3027 511 3108 priora
526 3028 605 3090 vitia
618 3026 737 3092 iruerint
749 3035 906 3106 correcta;
922 3035 959 3091 ut
970 3046 1004 3092 se
1015 3029 1103 3108 ipsos
1114 3028 1260 3108 probent,
1276 3030 1392 3104 monet,
1410 3026 1549 3090 etDeum

327 3121 430 3194 rogat,
453 3117 489 3175 ut
512 3112 573 3176 sihi
595 3113 767 3193 contingat,
790 3132 829 3178 ne
851 3113 1023 3178 severitate
1046 3113 1094 3176 uti
1117 3125 1250 3193 cogatur
1275 3112 1322 3190 12,
1345 3111 1548 3190 19-13,1o.

327 3198 440 3262 Brevis
456 3198 639 3261 adhortatio
656 3205 688 3262 et
704 3198 855 3262 salutatio
873 3199 923 3278 13,
941 3199 1074 3263 11-13.

881 3417 908 3499 s.
930 3418 1000 3484 no.

576 3553 714 3615 Tempus
728 3555 760 3603 et
776 3553 865 3604 locus
877 3554 972 3614 hamus
985 3554 1140 3616 epistolae
1153 3554 1304 3616 scriptae.

415 3706 493 3769 Post
514 3707 650 3786 primam
673 3705 714 3768 ad
739 3705 920 3771 Corinthios
943 3707 1111 3787 epistolam
1132 3707 1252 3770 Paulus
1274 3705 1463 3770 Corinthum
1484 3723 1550 3768 curn

329 3790 398 3854 alio
407 3788 507 3853 fratre
522 3790 683 3870 ablegavit
698 3791 814 3870 Titum,
832 3798 867 3855 ut
883 3792 1030 3856 effectum
1045 3791 1172 3855 illarum
1187 3792 1354 3855 literarum
1369 3790 1551 3854 observaret

330 3893 367 3940 ac
383 3876 647 3954 promoverettll.
658 3874 729 3939 Cor.
745 3876 774 3955 2,
793 3877 841 3940 12.
860 3877 908 3941 13.
933 3877 982 3956 12,
993 3878 1073 3957 .18.).
1100 3876 1274 3956 Apostolus
1289 3881 1364 3956 post
1379 3875 1550 3940 discessum

330 3978 424 4025 suum
439 3958 567 4039 Epheso
583 3979 645 4023 non
661 3960 799 4039 quidem,
819 3967 856 4025 ut
872 3967 1068 4042 speraverat,
1090 3962 1225 4040 Troade,
1247 3961 1305 4026 sed
1320 3961 1352 4024 hr
1368 3960 1550 4024 Macedonia
1580 3957 1584 3968 '

330 4046 459 4110 demum
481 4045 601 4108 invenit
620 4044 728 4108 Titum
752 4045 904 4111 Corintho
927 4053 1150 4124 revertentem,
1173 4046 1268 4110 etde
1291 4051 1381 4109 statu
1403 4045 1550 4110 ecclesiae

331 4131 446 4195 nuncia
461 4130 662 4194 accuratiora
677 4129 874 4195 adferentem
890 4131 944 4211 (Il.
962 4131 1033 4196 Cor.
1049 4133 1078 4212 2,
1096 4133 1145 4195 13.
1170 4131 1198 4210 7,
1214 4131 1243 4195 6.
1260 4131 1313 4212 7.),
1334 4149 1398 4211 quo
1413 4129 1498 4194 facto
1511 4153 1550 4192 se-

331 4215 565 4279 condonatione
580 4215 625 4278 ad
639 4215 814 4278 Corinthos
829 4218 959 4300 saepsit
974 4217 1136 4300 apostolom
1143 4265 1152 4296 ,
1177 4239 1246 4302 erqo
1263 4216 1549 4300 brect'postfhstcm

326 4314 517 4384 pentecostes
529 4301 609 4364 anni
617 4300 639 4362 5
642 4301 659 4361 7
662 4347 668 4361 .
678 4323 772 4363 aerae
783 4302 932 4386 vulparia,
949 4301 1066 4365 duobus
1082 4314 1137 4364 aut
1150 4303 1251 4364 trahas
1265 4301 1390 4363 circiter
1402 4299 1550 4364 mensibus

330 4385 447 4471 elapsis
454 4387 692 4469 postprimam,
714 4399 742 4448 et
757 4386 880 4468 quedem
900 4388 933 4449 c'o
948 4386 1136 4450 Macedonia
1151 4385 1205 4465 (II.
1223 4385 1294 4451 Cor.
1311 4386 1340 4464 9,
1356 4386 1409 4467 2.).
1454 4385 1549 4449 Locos

331 4469 538 4534 determzhart‘
548 4472 671 4554 aequit,-
691 4469 941 4551 subscriptiones
956 4469 1179 4536 nonnullorum
1194 4471 1339 4536 codicum
1355 4475 1388 4535 et
1403 4467 1548 4535 versionis

331 4555 479 4620 Peschito
494 4554 658 4620 nominant
672 4555 846 4636 Phihppos.
