3428 5180
635 329 921 394 —283—

161 505 253 566 erant
283 500 453 580 epistolam
481 499 580 579 hanc,
610 500 637 565 si
659 501 818 581 encyclica
841 507 911 564 erat
932 507 967 566 et
989 501 1031 564 ad
1052 500 1267 568 Laodicenses
1296 502 1393 568 etiam

160 587 269 664 missa,
286 585 435 668 accipere
449 585 626 666 legendam.
673 585 809 651 Paulum
824 604 909 665 vero,
933 588 1009 651 dum
1030 587 1217 650 mandatum
1237 587 1318 651 illud
1333 587 1392 652 Co-

159 670 357 737 lossensibus
383 671 575 752 injungeret,
601 671 635 735 in
659 677 766 737 mente
791 671 945 736 habuisse
970 676 1113 736 nostram
1140 671 1197 751 (ad
1220 672 1394 754 Ephesios)

119 779 121 786 ¹
161 756 342 838 epistolam,
364 775 427 821 non
449 763 558 820 autem
581 756 677 820 aham
700 758 742 821 ad
757 756 972 822 Laodicenses
992 756 1124 821 missam
1145 763 1178 821 et
1199 766 1326 823 mature
1341 758 1396 823 de-

160 843 332 924 perditam,
348 842 423 906 inde
439 841 608 923 colligitur,
630 843 717 922 quod
732 843 903 922 utriusque
919 841 1074 923 epistolae
1089 849 1314 924 argumentum
1329 842 1397 909 iere

160 929 249 993 idem
265 933 323 1007 est,
346 946 423 1009 pars
437 945 514 992 vero
530 927 760 1009 dogmaticam
782 927 895 991 illaad
911 927 1127 1007 Colossenses,
1149 947 1225 1009 pars
1241 947 1397 1009 paraene-

161 1015 228 1078 tica
250 1014 282 1076 in
306 1031 345 1077 ea
366 1012 408 1077 ad
428 1012 586 1093 Ephesios
608 1013 741 1077 uberius
764 1019 796 1078 et
820 1012 937 1077 clarius
960 1018 1129 1092 tractatur,
1149 1014 1196 1077 ita
1217 1023 1255 1077 ut
1276 1013 1332 1078 illa
1354 1014 1397 1078 ad

161 1098 322 1179 Ephesios
344 1104 377 1163 et
391 1098 605 1163 Laodicenses
622 1096 865 1163 Colossensibus
888 1104 921 1162 et
942 1091 1011 1163 vice
1025 1098 1120 1162 versa
1135 1117 1293 1180 perquam
1308 1098 1397 1162 utilis

163 1189 252 1250 esset
267 1184 310 1247 ad
324 1184 383 1247 has
398 1183 449 1247 vel
463 1183 535 1248 illas
550 1189 660 1264 partes
675 1183 892 1248 illustrandas.
923 1185 1076 1248 Attamen
1087 1185 1263 1264 Apostolus
1278 1184 1397 1264 episte-

162 1270 229 1334 lam
244 1268 519 1333 aColossensibus
535 1269 746 1349 expetendam
760 1289 824 1333 non
840 1269 917 1333 dicit
927 1269 984 1357 τὴν
995 1270 1081 1354 πρὸς
1091 1268 1305 1352 Λαοδικείαν,
1322 1268 1398 1349 quia

163 1374 228 1420 non
250 1353 410 1419 exclusive
430 1353 682 1419 Laodicensibus
705 1363 775 1418 erat
798 1355 955 1433 dedicata,
979 1355 1037 1418 sed
1056 1355 1112 1443 τὴν
1132 1354 1168 1420 ἐκ
1182 1353 1396 1438 Λαοδικείας,

164 1440 243 1520 quia
259 1439 420 1502 Laodicea
436 1458 508 1503 cum
524 1439 595 1503 aliis
610 1449 681 1504 erat
697 1440 967 1504 communicanda.
1144 1516 1146 1520 ¹

252 1524 281 1588 5.
305 1524 354 1586 Ex
370 1524 528 1604 encyclico
544 1524 700 1605 epistolae
715 1532 845 1590 nostrae
861 1525 1047 1590 charactere
1063 1524 1246 1605 explicatur
1255 1525 1396 1589 varietas

166 1609 314 1687 codicum
330 1609 535 1689 antiquorum
550 1610 582 1674 in
597 1611 729 1674 vocibus
745 1610 779 1675 ἐν
794 1608 921 1698 Ἐφέσῳ
937 1610 1051 1690 positis
1067 1615 1124 1672 aut
1141 1611 1276 1675 omissis.
1321 1610 1398 1691 Epi-

166 1695 284 1762 stolam
298 1695 381 1758 hanc
389 1694 538 1774 Ephesiis
550 1694 649 1760 fuisse
662 1696 865 1773 destinatam,
881 1696 998 1759 nemini
1011 1701 1081 1759 erat
1092 1695 1238 1773 dubium;
1254 1700 1398 1759 attamen

165 1781 319 1861 antiquos
335 1799 396 1844 non
411 1780 543 1859 latebat,
567 1799 637 1844 eam
652 1800 714 1845 non
730 1780 805 1844 solis
821 1780 969 1861 Ephesiis
986 1798 1056 1844 esse
1072 1780 1233 1860 scriptam,
1258 1781 1315 1844 sed
1331 1798 1397 1844 om-

166 1866 263 1931 nibus
279 1865 589 1930 ethnicochristianis
603 1866 701 1930 Asiae
716 1866 859 1943 minoris;
875 1865 948 1929 hino
963 1863 1132 1928 formulam
1148 1865 1182 1930 ἐν
1193 1860 1323 1954 Ἐφέσῳ
1339 1870 1397 1928 aut

167 1951 355 2029 omiserunt,
370 1951 474 2014 autin
489 1951 632 2035 margine
647 1956 807 2015 notarunt.

256 2036 284 2099 6.
307 2035 454 2116 Denique
469 2055 508 2100 ex
524 2035 682 2116 encyclica
698 2034 852 2115 epistolae
868 2033 1082 2106 destinatione
1097 2033 1295 2114 intelligitur,
1318 2053 1397 2114 quo-

167 2120 264 2184 mode
280 2120 423 2184 Marcion
446 2118 531 2185 illius
553 2120 683 2185 titulum
704 2121 737 2183 in
757 2121 847 2183 illum
869 2120 912 2183 ad
925 2119 1140 2183 Laodicenses
1160 2120 1347 2198 mutaverit3
1370 2120 1397 2184 si

168 2205 256 2270 onim
275 2210 406 2285 praeter
425 2205 505 2269 alias
520 2207 618 2270 Asiae
633 2206 763 2270 minoris
780 2205 931 2270 ecclesias
947 2205 1044 2268 etiam
1059 2204 1310 2269 Laodicensibus
1326 2211 1397 2268 erat

168 2289 328 2368 dedicata,
351 2290 464 2370 utique
483 2289 553 2355 fieri
574 2291 690 2371 potuit,
713 2298 750 2354 ut
770 2291 914 2355 Marcion
934 2308 1032 2353 unum
1055 2289 1231 2353 alterumve
1254 2290 1396 2355 codicem

168 2394 242 2441 cum
256 2375 464 2456 inscriptione
479 2377 521 2440 ad
535 2377 750 2441 Laodicenses
764 2376 929 2454 inveniret,
953 2382 985 2438 et
1000 2375 1061 2438 hac
1074 2393 1110 2438 re
1125 2375 1226 2454 nixus,
1249 2387 1286 2438 ut
1299 2375 1395 2456 „dili-

164 2462 368 2547 9eotioaimcs
383 2460 590 2544 e.epl0rat0r“v
599 2462 771 2540 videretur,
793 2468 904 2525 contra
918 2459 1167 2524 orthodoxorum
1182 2460 1308 2540 legendi
1324 2480 1396 2525 con·

168 2546 374 2611 suetudinem
388 2545 627 2627 inscriptionem
642 2552 791 2611 mutaret.

256 2631 328 2694 Etsi
342 2649 418 2696 vero
435 2631 571 2712 epistola
585 2633 664 2696 haec
680 2632 838 2712 encyohca
854 2636 933 2709 erat,
957 2649 1028 2694 eam
1043 2636 1151 2694 tamen
1165 2631 1206 2706 ab
1222 2630 1362 2711 antiquis
1377 2649 1397 2694 a

167 2716 342 2796 metropoh
355 2715 453 2780 Asiae
467 2716 704 2796 proconsularis
720 2717 875 2797 epistolae
890 2716 933 2778 ad
947 2714 1104 2795 Ephesios
1119 2716 1245 2779 nomine
1260 2716 1397 2796 compel-

167 2801 270 2866 latam
286 2819 367 2881 esse,
382 2801 562 2865 mirandum
577 2821 639 2866 non
655 2806 713 2865 est.
1072 2815 1075 2820 ·

726 3019 753 3100 s.
772 3019 842 3083 rso.

417 3156 560 3215 0666616,
573 3168 689 3217 scopus
704 3159 738 3205 et
749 3156 974 3216 argumentum
987 3151 1152 3214 epistolae.

259 3310 349 3373 Inter
363 3309 448 3372 viros
464 3308 505 3372 de
521 3307 655 3372 ecclesia
671 3307 790 3372 Christi
806 3307 926 3387 optime
940 3305 1082 3384 meritos,
1099 3305 1153 3385 qui
1168 3306 1211 3368 ad
1226 3324 1250 3369 s.
1260 3305 1396 3371 Paulum

168 3403 318 3475 tempore
334 3393 531 3474 captivitatis
547 3394 616 3474 eius
631 3393 754 3473 primae
769 3393 903 3456 Romam
918 3397 1086 3470 venerunt,
1111 3398 1181 3454 erat
1197 3391 1293 3454 etiam
1309 3391 1396 3474 Epa-

83 3493 85 3497 ·
164 3480 285 3564 pirae,
308 3479 363 3559 qui
378 3478 532 3558 Apostolo
548 3478 658 3542 attulit
672 3477 835 3556 nuncium,
857 3475 967 3556 plures
982 3476 1078 3539 Asiae
1093 3475 1224 3539 minoris
1240 3476 1397 3556 civitates,

170 3572 206 3628 et
226 3564 311 3628 iuter
333 3565 392 3627 has
415 3563 513 3626 etiam
536 3562 685 3627 (16166666
708 3567 741 3627 et
762 3562 954 3625 Laodiceam
981 3561 1165 3642 religionem
1190 3560 1397 3625 christianam

170 3649 367 3729 suscepisse;
383 3648 477 3712 simul
490 3647 729 3728 veroApostolo
744 3646 915 3710 nunciabat
930 3644 1082 3726 pericula,
1098 3662 1181 3724 quae
1191 3645 1242 3709 his
1255 3645 1398 3710 ecclesiis

169 3740 318 3798 recenter
336 3731 478 3796 fundatis
498 3738 531 3797 et
550 3732 635 3797 laete
658 3730 929 3796 efflorescentibus
952 3735 989 3794 ut
1002 3729 1184 3810 Ephesinae
1205 3738 1399 3811 pararentur

169 3816 343 3899 perfalsus
358 3817 506 3881 doctores
521 3817 542 3881 J
543 3816 866 3895 adaco-christianos,
889 3815 945 3895 qui
960 3833 1031 3879 cum
1047 3813 1210 3879 erroribus
1226 3816 1293 3880 suis
1307 3816 1399 3882 theo·

170 3902 313 3982 sophicis
341 3920 494 3982 perversa
523 3901 758 3983 conjungebant
785 3901 943 3981 principia
971 3899 1118 3964 ascetica.
1162 3900 1293 3965 Nuncia
1321 3901 1399 3964 loeo

169 3987 322 4071 Apostolo
342 3988 536 4049 occasionem
550 3988 763 4071 praebuerant
782 3985 929 4068 epistolae
947 3985 1038 4069 haphe
1059 3985 1251 4066 scribendae,
1274 4009 1337 4068 qua
1358 3986 1400 4049 l-

172 4085 274 4134 666666
289 4083 398 4146 contra
413 4070 601 4134 seductiones
609 4071 761 4155 pericula
771 4071 976 4154 praemunire
990 4068 1096 4150 666666,
1111 4069 1145 4131 66
1157 4069 1405 4154 qenciaaefldea'

114 4193 120 4236 7
163 4155 371 4242 professione
385 4155 568 4238 confirmare
584 4168 612 4218 et
626 4155 778 4218 advitam
792 4178 862 4218 vere
877 4155 1081 4217 christianam
1095 4155 1262 4217 abalienare.

258 4240 367 4304 Etiam
388 4240 468 4303 haec
491 4239 628 4321 epistola
646 4245 773 4321 partem
795 4239 935 4304 continet
956 4237 1162 4318 dopmata'eam
1183 4241 1398 4322 erperaeaeti-

172 4348 255 4387 cam.
300 4325 385 4387 Para
400 4327 512 4408 meina
533 4349 558 4388 e.
573 4325 666 4387 1-3.
690 4329 865 4405 occupatur
886 4323 1083 4404 expositione
1104 4322 1201 4401 modi,
1223 4342 1287 4404 quo
1310 4323 1399 4388 Deus

167 4412 265 4492 juxta
281 4410 446 4474 decretum
461 4428 554 4473 suum
568 4415 735 4475 aeternum
751 4409 847 4474 etiam
859 4408 994 4490 gentiles
1006 4407 1196 4472 adsalutem
1207 4409 1399 4473 messianam

171 4494 315 4572 vocavit3
337 4517 415 4576 para
430 4495 533 4558 altera
548 4517 574 4557 6.
590 4497 684 4560 4-6.
705 4494 765 4558 sub
785 4493 888 4558 forma
906 4491 1131 4558 admonitionis
1153 4494 1255 4557 tradit
1275 4512 1400 4558 morum
