3364 5156
589 364 656 370 -—
699 328 762 392 245
805 365 873 371 ——

132 585 137 597 .
262 545 304 632 A)
333 545 499 637 lipistolcc
515 545 611 614 Pauli
625 547 686 636 Ap.
701 545 736 613 in
751 546 893 614 secundo
908 547 1029 615 itinere
1045 547 1200 638 scriptae.

375 719 410 820 1)
442 717 605 814 Epistola
621 717 651 792 Ι.
668 717 716 792 ad
733 715 1086 794 Thessalonicenses,

669 887 698 970 s.
718 887 788 954 154.
891 860 894 864 ’

195 1027 240 1078 De
250 1028 329 1078 urbe
341 1025 570 1078 'Thessalonica
582 1026 616 1076 et
627 1025 752 1086 origine
764 1024 919 1076 ecclesiae
932 1025 1126 1078 christianae
1137 1025 1267 1078 ibidem.

209 1178 442 1261 Thessalonica,
465 1179 540 1241 olr'rn
557 1177 706 1240 Thermae
722 1177 808 1242 dc'elo
822 1190 850 1240 et
865 1177 1066 1242 Macedoniae
1081 1185 1205 1262 crispari,l
1228 1199 1248 1244 a
1264 1179 1342 1246 Cas·

132 1265 236 1328 sandro
258 1263 452 1346 amplificata
472 1269 505 1328 et
526 1264 559 1328 iu
581 1263 733 1328 honorem
755 1261 1008 1342 Thessalonicae,
1030 1264 1137 1329 uxoris
1156 1282 1243 1344 suae,
1266 1265 1341 1330 Phi·

132 1349 202 1429 lippi
215 1349 398 1414 Macedonis
413 1348 507 1429 filiae,
523 1369 604 1414 novo
619 1350 745 1414 nomine
761 1349 888 1426 donata,
905 1349 964 1412 sub
978 1349 1193 1414 Romanorum
1207 1349 1341 1431 imperio

130 1434 324 1499 Macedoniae
349 1434 382 1499 in
404 1440 544 1516 quatuor
572 1441 683 1515 partes
709 1434 845 1513 divisae,
875 1433 1034 1498 secundae
1059 1438 1129 1498 erat
1154 1436 1340 1516 metropolis

131 1519 342 1601 praesulisque
357 1520 492 1584 Romani
508 1525 540 1584 et
555 1520 737 1601 quaestoris
758 1520 882 1584 sedes.2
924 1519 976 1582 Ad
990 1528 1119 1600 portum
1135 1519 1198 1584 sita
1213 1527 1245 1584 et
1260 1540 1342 1586 mer-

130 1609 230 1669 catura
244 1605 366 1670 diutius
381 1603 497 1670 florens
512 1605 646 1686 insignis
661 1612 732 1669 erat
746 1610 814 1668 tum
830 1602 1040 1685 amplitudine
1055 1623 1127 1683 sua,
1150 1610 1218 1668 tum
1234 1605 1342 1670 multi·

128 1689 228 1754 tudine
243 1696 275 1755 et
290 1690 455 1771 opulentia
469 1689 669 1769 incolarum,³
684 1690 904 1754 celebritatem
920 1708 996 1754 vero
1011 1689 1093 1753 hanc
1103 1687 1245 1755 foedavit
1256 1689 1341 1757 lama

128 1773 163 1838 de
176 1775 286 1840 civium
300 1775 434 1840 lascivia
450 1783 482 1839 et
502 1775 709 1857 impudicitia.
754 1775 893 1840 Maxima
916 1773 1051 1854 quidem,
1067 1774 1243 1838 incolarum
1264 1795 1341 1856 pars

128 1860 284 1925 constabat
299 1881 339 1926 ex
355 1861 503 1939 ethnicis;
526 1867 578 1925 ast
592 1865 629 1923 ut
643 1862 676 1923 in
691 1858 762 1924 aliis
784 1860 910 1941 imperii
925 1859 1061 1925 Romani
1076 1859 1270 1939 civitatibus,
1293 1859 1340 1925 ita

126 1943 171 2008 hic
185 1963 311 2027 quoque
318 1947 339 2011 J
340 1945 461 2010 udaeos
476 1965 538 2010 non
553 1964 673 2027 paucos
688 1945 804 2010 vixisse
818 1945 969 2009 libertate
985 1943 1119 2009 donatos
1134 1944 1167 2008 iu
1177 1963 1340 2027 synagoga

89 2091 96 2100 ,
127 2041 209 2094 sacra
222 2050 280 2096 sua
295 2031 445 2110 obeundi,
462 2050 500 2096 ex
514 2031 585 2096 Aet.
603 2031 651 2109 17,
669 2032 696 2094 1.
712 2035 811 2112 patet.
1434 2075 1436 2080 -

203 2115 281 2182 Cum
296 2136 322 2182 s.
338 2116 459 2181 Paulus
480 2115 548 2181 coll.
563 2117 634 2180 Act.
651 2135 676 2180 c.
694 2117 743 2180 16.
772 2115 930 2196 Philippis
951 2114 1071 2196 ejectus
1088 2116 1150 2196 'per
1164 2115 1340 2196 Amphipo-

127 2197 175 2264 lim
189 2207 220 2266 et
235 2202 437 2283 Apolloniam
453 2200 711 2266 Thessalonicam
726 2201 875 2280 venisset,
890 2220 948 2281 pro
963 2219 1052 2264 more
1068 2219 1125 2264 suo
1142 2200 1341 2264 ludaeorum

125 2303 311 2368 synagogam
326 2287 407 2351 adiit
423 2293 456 2350 et
469 2286 588 2351 ibidem
597 2285 760 2350 Christum
774 2285 980 2367 praedicavit.
1006 2285 1056 2350 De
1070 2285 1207 2351 veritate
1222 2285 1341 2349 doctri·

124 2390 178 2436 nae
192 2390 268 2438 suae
281 2372 396 2455 paucis
412 2372 540 2452 quidem
555 2372 576 2436 J
578 2371 699 2451 udaeis,
714 2372 823 2436 multis
838 2390 914 2435 vero
927 2371 1059 2435 Graecis
1071 2370 1257 2455 σεβομένοις
1267 2390 1340 2452 per-

125 2457 227 2537 suasit,
243 2464 274 2523 et
288 2459 375 2524 inter
389 2457 448 2522 hos
463 2456 609 2538 pluribus
623 2458 777 2522 matronis
792 2456 960 2522 nobilibus.
986 2455 1130 2521 Ecclesia
1141 2455 1241 2536 igitur
1250 2454 1340 2520 Chri·

125 2541 291 2609 stianorum
308 2542 341 2606 in
355 2543 415 2607 hac
429 2542 511 2608 urbe
526 2541 658 2608 collecta
674 2563 691 2607 e
706 2543 815 2607 multis
831 2543 1000 2608 constabat
1012 2541 1146 2606 ethnicis
1157 2546 1190 2605 et
1200 2560 1218 2606 e
1229 2540 1341 2622 paucis

124 2625 249 2694 ludaeis
267 2629 363 2693 natis.
407 2627 524 2692 ludaei
544 2628 714 2707 increduli,
737 2648 808 2693 cum
828 2629 974 2693 viderent
994 2627 1192 2692 ethnicorum
1211 2645 1340 2691 conver·

124 2711 245 2793 sionem,
260 2713 382 2779 invidia
391 2712 486 2777 uncti
500 2719 609 2778 tantos
625 2713 804 2778 excitarunt
818 2720 933 2792 motus,
950 2718 986 2775 ut
1000 2710 1184 2793 Apostolus,
1199 2713 1341 2794 peractis

124 2795 363 2864 Thessalonicae
385 2799 490 2862 tribus
512 2798 614 2862 solum
634 2798 903 2876 hebdomadibus,
926 2816 990 2861 una
1011 2815 1081 2860 cum
1098 2796 1165 2860 Sila
1187 2800 1219 2860 et
1234 2796 1341 2861 Timo·

122 2881 191 2947 theo
215 2891 315 2948 noctu
338 2882 448 2964 lugam
470 2901 585 2963 capere
605 2888 774 2964 cogeretur
793 2882 958 2946 Beroeam.
1003 2880 1120 2944 Judaei
1142 2881 1340 2945 Beroeenses

123 2967 248 3033 verbum
269 2969 333 3033 Dei
355 2969 448 3032 avide
471 2972 682 3048 susceperunt
704 2967 850 3032 etmulti
872 2966 1092 3044 crediderunt,
1116 2971 1149 3029 et
1170 2964 1339 3028 mulierum

121 3054 281 3132 gentilium
296 3054 505 3118 honestarum
520 3059 554 3116 et
567 3053 628 3116 viri
648 3071 710 3116 non
729 3052 832 3133 pauci.
876 3050 994 3115 ludaei
1014 3054 1123 3113 autem
1138 3048 1341 3114 Thessaloni·

122 3154 241 3220 censes,
269 3158 369 3220 quum
396 3139 618 3219 cognovissent
639 3137 783 3202 Beroeae
804 3155 931 3216 quoque
957 3155 976 3199 a
997 3134 1098 3199 Paulo
1121 3134 1342 3215 praedicatum

121 3239 186 3288 esse
202 3223 375 3304 Christum,
390 3229 546 3288 venerunt
561 3227 593 3286 et
606 3222 681 3287 illuc
697 3227 730 3286 et
743 3221 869 3303 plebem
884 3221 927 3285 ad
940 3219 1113 3284 tumultum
1126 3219 1338 3299 concitarunt;

121 3325 215 3386 quare
222 3308 400 3391 Apostolus
415 3309 535 3373 rchctis
550 3308 671 3372 ibidem
680 3307 745 3372 Sila
761 3319 793 3372 et
802 3306 969 3371 Timotheo
977 3306 1121 3370 Athenas
1135 3304 1238 3385 petiit,
1254 3305 1341 3370 unde

119 3389 205 3459 brevi
219 3401 296 3476 post
311 3393 528 3473 Timotheum,
551 3393 608 3474 qui
622 3394 664 3457 ad
677 3394 783 3474 ipsum
798 3398 946 3472 venerat,
970 3389 1038 3456 coll.
1054 3391 1078 3454 l.
1095 3389 1205 3454 Thess.
1220 3391 1249 3468 3,
1268 3393 1295 3452 1.
1311 3387 1342 3454 2.

119 3495 187 3542 curn
201 3481 272 3545 Act.
291 3479 341 3559 17,
358 3479 406 3543 15.
422 3478 510 3544 misit
524 3478 791 3556 Thessalonicam,
812 3478 883 3558 ipse
903 3496 979 3542 vero
995 3475 1181 3540 Corinthum
1196 3474 1285 3553 abiit,
1310 3480 1343 3540 et

120 3562 162 3627 ibi
177 3583 250 3630 eum
265 3570 361 3642 esset,
377 3568 533 3628 venerunt
548 3563 631 3627 Silas
648 3570 680 3627 et
695 3562 882 3627 Timotheus
898 3560 967 3626 coll.
982 3562 1052 3625 Act.
1071 3559 1119 3639 17,
1137 3559 1249 3639 1-18,
1265 3559 1294 3623 C.

670 3782 698 3863 s.
719 3782 787 3847 155.

433 3919 564 3972 Occasio
577 3920 609 3970 et
621 3919 845 3980 argumentum
857 3916 1021 3979 epistolae.

195 4073 399 4138 Oeeoeebaera
414 4071 506 4157 bajus
521 4071 668 4156 epochtolae
683 4071 864 4134 merendae
874 4069 1023 4154 Apootclo
1037 4067 1280 4153 suppeditarunt
1294 4091 1341 4131 re-

116 4155 246 4222 lationes
284 4160 378 4221 ortior
393 4157 503 4231 laetae,
516 4157 637 4240 partein
652 4159 766 4236 trc‘ates,
781 4179 869 4240 quoa,
886 4160 924 4219 ut
938 4173 977 4219 ex
989 4153 1062 4235 ipsa
1077 4152 1213 4234 epistola
1229 4152 1341 4218 edoce·

116 4259 195 4322 mur,
218 4182 319 4306 citha
334 4243 482 4305 attulerat
500 4241 683 4321 Tl'mothecca,
704 4243 764 4325 qui
778 4239 1001 4303 Thessalonice
1017 4237 1199 4302 Corobilium
1214 4237 1260 4300 ad
1272 4261 1341 4300 corre

183 4462 195 4560 ξ
212 4458 336 4538 Thucpd.
346 4440 382 4513 'de
394 4457 456 4512 bell.
469 4457 595 4526 Pelopon.
607 4458 628 4522 I,
641 4458 682 4510 61.
707 4456 833 4511 Herodot.
846 4456 909 4511 bist.
922 4455 946 4522 7,
958 4458 1000 4510 21.

184 4525 510 4663 satiabit?
