3428 5180
568 331 940 397 ’-323-

188 499 313 582 cryphis
328 501 440 582 utitur,
455 501 603 566 nimirum
617 520 645 566 v.
662 501 691 566 9.
706 521 818 584 opere:
841 497 999 586 ἀνάβασις
1010 505 1166 584 Μωσέως
1181 512 1213 571 et
1224 525 1252 570 v.
1267 508 1314 570 14.
1327 506 1410 573 libro

187 585 327 651 Henoch.
361 586 481 652 Verum
497 605 521 652 s.
537 587 640 652 Judas
656 587 769 652 eodem
779 588 853 669 jure
868 586 910 652 nd
924 587 1023 653 libros
1038 588 1110 654 illos
1124 592 1281 673 respexit,
1305 611 1367 673 quo
1384 612 1410 658 s.

187 670 306 736 Paulus
320 672 455 738 Athenis
470 672 588 738 docens
602 674 673 738 Act.
693 671 740 752 17,
756 673 807 737 28.
823 673 903 738 etin
918 672 1010 753 epist.
1026 674 1068 738 ad
1083 675 1143 739 Tit.
1163 679 1194 756 1,
1213 677 1261 740 12.
1277 678 1320 742 ad
1333 684 1410 759 pod-

185 761 237 821 tas
257 756 394 838 gentiles
413 759 611 839 provocavit,
634 763 667 823 et
681 759 722 822 Il.
739 758 817 823 Tim.
834 760 868 837 3,
884 758 913 822 8.
929 759 972 823 ad
986 759 1184 825 ludaeorum
1204 762 1410 828 traditionem

185 841 237 907 vel
252 842 293 906 ad
308 841 426 908 librum
441 844 660 925 apocryphum
674 843 874 918 referentem,
890 845 1013 926 Magos,
1029 845 1084 926 qui
1099 846 1202 927 Moysi
1216 847 1249 911 in
1262 848 1411 929 Aegypto

185 927 396 1008 restitissent,
418 929 598 994 nominatos
614 947 685 994 esse
701 929 835 995 Jannem
852 935 884 994 et
899 930 1085 995 Mambrem.
1117 931 1290 997 Praeterea
1309 934 1411 1005 horni-

184 1029 258 1092 nes,
285 1018 397 1078 contra
412 1032 493 1095 quos
509 1013 645 1095 epistola
658 1015 739 1079 haec
753 1014 876 1080 directa
897 1018 982 1094 erat,
1009 1016 1186 1096 scripturas
1207 1035 1315 1082 sacras
1337 1036 1411 1098 per-

183 1098 279 1162 versa
304 1098 571 1180 interpretatione
596 1100 639 1164 ad
664 1118 739 1164 suos
769 1118 882 1165 sensus
912 1107 1123 1182 contorquere
1142 1103 1361 1182 consuevisse,
1392 1123 1410 1168 e

183 1183 226 1246 11.
242 1183 332 1248 Petri
346 1186 383 1263 3,
401 1185 449 1248 16.
466 1185 651 1264 edocemur;
673 1203 772 1266 quare
786 1185 961 1266 Apostolus
983 1186 1091 1266 potius
1112 1193 1301 1268 argumente
1315 1187 1410 1268 petiit

184 1287 203 1333 e
220 1269 349 1351 scriptis
364 1269 572 1350 apocryphis,
595 1289 678 1350 quae
693 1289 712 1334 a
726 1271 1036 1354 pseudodoctoribus
1049 1271 1113 1336 illis
1127 1273 1234 1354 magni
1248 1273 1409 1339 habeban-

182 1358 248 1433 tur,
264 1361 301 1418 ut
316 1373 371 1420 eos
384 1356 523 1436 propriis
538 1356 636 1420 armis
649 1353 836 1438 profligaret
850 1373 907 1420 seu
921 1353 989 1422 κατ’
1005 1355 1185 1445 ἄνθρωπον
1200 1359 1389 1440 disputaret.

504 1609 508 1630 ·
545 1577 583 1678 5)
610 1575 646 1651 S.
664 1576 818 1651 Joannis
837 1576 866 1651 I.
890 1575 1050 1671 epistola.

738 1745 766 1828 s.
784 1746 855 1812 215.

250 1880 373 1934 Auctor
386 1885 418 1933 et
429 1883 576 1943 lectores,
593 1885 720 1945 tempus
732 1883 764 1932 et
775 1881 879 1947 loeus,
887 1883 1011 1935 occasio
1024 1887 1056 1934 ot
1067 1895 1180 1946 scopus
1192 1883 1347 1946 epistolae

720 1966 869 2028 scriptae.

273 2120 301 2183 1.
329 2120 495 2184 Auctorem
513 2119 606 2206 liujus
628 2118 776 2206 epistolae
796 2141 860 2183 case
875 2120 1029 2183 Joannem
1043 2119 1227 2204 Apostolum
1236 2169 1247 2201 ,
1268 2121 1410 2206 ontc'quo·

183 2225 256 2266 rom
270 2205 391 2268 nominc·
400 2227 539 2290 unquam
553 2218 622 2269 erac
636 2203 780 2285 dabam,-
805 2223 879 2269 nam
893 2205 929 2269 in·
945 2205 1090 2269 omnibus
1108 2204 1262 2270 librorum
1283 2207 1414 2280 canoni,

185 2307 297 2354 corum
312 2289 466 2372 catalogis
481 2309 553 2355 eum
569 2289 592 2354 l.
608 2285 698 2355 Petri
712 2293 911 2369 recensetur,
931 2289 964 2353 in
986 2290 1164 2355 versionem
1179 2289 1328 2356 Pesclrito
1343 2296 1409 2356 sta·

184 2374 246 2438 tim
260 2375 301 2440 ab
316 2375 407 2443 initio
423 2380 493 2440 erat
507 2381 654 2457 recepta3
677 2376 740 2440 imo
758 2376 826 2456 jam
843 2399 868 2437 s.
885 2375 1094 2461 Polycarpum,
1115 2376 1247 2440 loannis
1262 2377 1409 2459 Apostoli

116 2468 120 2476 ’
187 2459 378 2542 discipulus,
399 2461 423 2525 l.
440 2461 489 2525 Jo.
505 2463 539 2542 4,
559 2464 588 2527 3.
605 2462 718 2540 citat,¹
739 2466 771 2526 et
786 2466 870 2526 teste
884 2459 1024 2525 Eusebio
1038 2461 1161 2546 Paprho
1176 2480 1304 2543 quoque
1318 2462 1409 2527 testi-

184 2545 300 2610 moniis
315 2553 459 2611 ususest
474 2565 493 2612 e
506 2547 530 2612 l.
546 2547 679 2612 Joannis
694 2551 731 2610 ut
745 2565 762 2612 e
778 2545 906 2612 l.¹Petri
922 2546 1088 2627 epistola.2
1117 2545 1261 2612 Eandem
1270 2565 1409 2696 (persua-

184 2631 308 2697 sionem
323 2631 364 2696 de
380 2631 534 2712 epistolae
548 2638 678 2698 nostrae
693 2632 860 2696 authentia
873 2633 1036 2696 testantur
1048 2655 1073 2694 o.
1088 2631 1251 2713 Irenaeo,
1296 2631 1409 2696 lemene

181 2716 290 2796 Alea,
308 2715 433 2780 Termll.
450 2716 599 2802 Oriqcoeo
611 2723 647 2783 et
662 2736 771 2782 omnes
784 2716 901 2798 reliqui
914 2717 1029 2782 Patres
1044 2735 1082 2782 ac
1097 2717 1299 2798 scriptores.³

203 2837 206 2843 ·
270 2801 300 2866 2.
330 2800 477 2882 Epistola
490 2802 585 2882 haec,
611 2809 648 2866 nt
661 2802 716 2867 illa
732 2804 773 2866 ad
788 2801 968 2880 Hebraeos,
995 2803 1147 2867 consueta
1169 2808 1257 2868 caret
1280 2802 1407 2868 dedica-

180 2885 285 2967 tione;
311 2893 453 2951 attamen
475 2888 604 2968 modus,
631 2905 693 2970 quo
715 2905 739 2951 s,
759 2888 899 2952 loannes
921 2891 958 2949 ut
980 2894 1075 2967 pater
1095 2888 1138 2951 ad
1158 2885 1241 2952 filios
1265 2887 1408 2968 loquitur

181 2971 480 3052 (2,1.12.seqq.)¹,
505 2972 588 3038 tales
610 2971 932 3053 supponit-lectores,
957 2973 1012 3053 qui
1033 2979 1197 3038 auctorem
1218 2972 1406 3054 magistrum

181 3075 279 3121 suum
305 3073 342 3122 ac
366 3057 546 3139 praesulem
568 3058 799 3139 agnoscebant3
825 3062 994 3138 praeterea
1016 3059 1148 3137 desunt,
1171 3077 1254 3140 quae
1276 3058 1407 3138 speciali

182 3142 375 3211 conveniant
394 3141 556 3208 ecclesiae.
600 3143 647 3206 Ex
669 3143 719 3207 his
746 3142 919 3224 colligitur,
947 3142 1116 3223 epistolam
1142 3143 1287 3207 omnibus
1309 3143 1406 3209 Asiae

180 3226 316 3292 minoris
331 3227 473 3292 ecclesiis
488 3245 559 3293 esse
574 3229 743 3309 scriptam,
766 3229 883 3310 quibus
898 3228 918 3292 J
920 3246 1038 3292 oannes
1053 3234 1218 3309 praeerat,
1242 3233 1274 3291 et
1289 3228 1406 3308 quibus

182 3312 284 3378 ctiam
299 3311 497 3394 evangelium
511 3329 569 3378 nec
582 3333 644 3378 non
659 3314 864 3394 apocalypsin
878 3313 1021 3395 proxime
1036 3314 1204 3378 dedicavit.
1232 3312 1320 3389 Quae
1336 3332 1406 3378 sen-

183 3397 288 3462 tentia
309 3396 383 3463 inde
405 3397 627 3477 confirmatur,
654 3399 742 3479 quod
760 3398 896 3464 lectores
915 3417 935 3462 a
956 3395 1099 3480 longiore
1116 3400 1184 3479 jam
1205 3406 1349 3478 tempore
1363 3399 1406 3463 ad

185 3481 351 3547 Christum
365 3484 508 3548 conversi
523 3484 681 3547 sistuntur
695 3484 739 3564 (2,
757 3484 783 3547 7.
799 3485 881 3565 24.);
896 3485 982 3565 quod
997 3485 1029 3548 in
1044 3484 1180 3565 epistola
1193 3482 1291 3548 iidem
1306 3483 1406 3564 respi-

184 3568 314 3632 ciuntur
328 3587 463 3648 errores,
478 3569 595 3650 quibus
610 3569 750 3634 loannes
764 3569 797 3632 in
812 3569 975 3650 evangeho
990 3569 1145 3634 indirecte
1156 3586 1228 3633 sese
1240 3569 1405 3648 opposuit:

184 3654 206 3717 J
208 3671 297 3719 esum
312 3672 374 3718 non
390 3671 460 3719 esse
476 3653 638 3719 Christum
654 3654 698 3734 (2,
713 3653 763 3724 22.
779 3655 810 3732 5,
827 3654 883 3734 1.),
903 3674 966 3719 non
981 3673 1056 3719 vere
1069 3655 1240 3718 humanam
1254 3653 1406 3720 habuisse

183 3742 333 3803 naturam
348 3739 392 3819 (4,
407 3740 436 3803 2.
452 3740 506 3820 3.),
520 3759 583 3804 non
599 3759 669 3805 esse
684 3738 745 3804 Dei
759 3739 875 3803 Filium
892 3740 935 3820 (5,
946 3741 975 3803 5.
990 3740 1151 3819 10-13.);
1168 3739 1254 3820 quod
1269 3740 1406 3821 denique

183 3823 321 3889 lectores
332 3824 362 3905 5,
374 3827 424 3888 21.
437 3824 557 3904 moniti,
573 3833 610 3889 ut
621 3844 640 3889 a
652 3825 829 3890 simulacris
841 3821 902 3888 sibi
918 3830 1059 3903 caveant,
1076 3843 1113 3889 ex
1129 3823 1263 3889 ethnicis
1277 3825 1406 3905 potissi-

185 3927 272 3972 mum
295 3911 438 3975 conversi
464 3915 695 3992 supponuntur.
741 3910 831 3986 Quae
857 3911 962 3974 omnia
984 3911 1080 3975 Asiae
1105 3910 1237 3976 minoris
1264 3911 1405 3975 ecclesiis

183 3994 329 4075 apprime
345 3996 542 4061 conveniunt.

256 4202 264 4233 ¹
280 4197 323 4251 Ad
335 4197 450 4284 Philipp.
463 4213 486 4250 c.
500 4199 535 4282 ⁷·.²
559 4200 619 4259 Πᾶς
629 4197 695 4270 γὰρ,
716 4195 748 4258 ὃς
759 4193 794 4252 ἂν
809 4193 847 4265 μὴ
861 4195 999 4272 ὁμολογῇ,
1018 4197 1127 4266 Ἰησοῦν
1141 4192 1268 4268 Χριστὸν
1281 4195 1311 4250 ἓν
1324 4199 1404 4265 σαρκὶ

183 4268 665 4401 smgfffizng‘firfizpffizotlcegf'fapviac
667 4264 746 4388 ((111Ιοιέ
756 4264 907 4404 Jffiprffrm
925 4334 949 4386 δ’
970 4333 985 4387 ὁ
1003 4331 1088 4394 αὐτὸς
1104 4337 1270 4404 μαρτυρίαις
1285 4329 1341 4384 ἀπὸ
1356 4333 1404 4398 τῆς

181 4401 313 4459 Ἰωάννου
326 4410 464 4473 προτέρας
476 4405 627 4469 ἐπιστολῆς
638 4409 682 4456 καὶ
696 4405 744 4468 τῆς
756 4407 866 4471 Πέτρου
884 4400 997 4472 ὁμοίως.

255 4471 409 4525 ³Irenaeus
426 4471 484 4524 adv.
502 4471 605 4524 haeres.
624 4469 656 4523 V.
678 4472 716 4523 16.
733 4485 782 4537 ap.
794 4469 893 4522 Euseb.
912 4469 938 4520 h.
951 4484 973 4521 e.
991 4467 1023 4520 V.
1037 4469 1061 4520 8.
1086 4466 1208 4519 Clemens
1220 4465 1298 4519 Alex.
1312 4472 1402 4520 strom.

183 4539 272 4602 libris,
289 4539 402 4594 Tertull.
416 4545 508 4593 contra
520 4539 683 4593 Marcionem
696 4537 728 4590 V.
744 4540 783 4592 16.
796 4537 853 4590 adv.
867 4537 997 4589 Praxeam
1011 4536 1051 4589 15.
1064 4534 1105 4587 28.
1124 4533 1158 4586 al.
1175 4533 1247 4602 Orig.
1264 4541 1403 4588 comment.

184 4610 212 4662 in
223 4608 274 4662 Mt.
287 4609 327 4662 16.

1148 4688 1200 4740 21*
