3364 5156
790 323 1075 387 -236-

407 495 434 558 l.
465 495 543 559 Inde
558 513 706 559 reversus
721 494 923 560 Antiochiam
938 495 1022 574 (Act.
1040 495 1089 574 12,
1105 494 1171 576 25.)
1186 495 1304 560 Saulus
1318 495 1457 576 primum
1473 515 1545 560 cum

320 580 477 642 Barnaba
493 584 525 644 et
541 581 651 642 Marso
666 580 729 645 iter
743 581 954 661 apostolicum
970 579 1001 644 in
1017 580 1215 645 ethnicorum
1231 581 1376 662 regiones
1392 581 1544 662 suscepit,

320 671 353 731 et
368 667 401 727 im
416 664 522 729 insuia
540 663 653 750 Cypro,
668 664 788 751 Perpae
802 667 836 728 ia
851 665 1051 750 Pamphilio,
1068 665 1255 730 „Antiochiae
1270 668 1303 728 ia
1319 665 1462 745 Pisidia,
1479 667 1544 728 Ico-

321 751 382 830 nii,
405 749 530 834 Lycaei
545 765 572 814 ec
588 749 712 814 Dahae
734 752 948 832 praedicando
972 751 1178 818 ecelesiarum
1194 751 1439 818 christianarum
1454 751 1546 816 initia

319 835 427 916 posuit
442 834 525 914 (Act.
544 836 592 914 13,
611 835 723 914 1-14,
739 837 813 917 26.)

405 922 432 984 8.
462 921 664 985 Antiochiam
690 921 801 1003 Syriae
827 941 975 987 reversus
1001 921 1126 1006 longius
1151 928 1279 1003 tempus
1304 923 1356 986 hic
1385 923 1545 1003 transegit

319 1006 403 1085 (Act.
422 1007 469 1086 14,
485 1006 565 1087 28),
585 1011 618 1071 et
633 1007 704 1072 orti
726 1008 923 1073 dissensione
945 1008 1029 1073 inter
1047 1007 1193 1073 Judaeo·
1215 1013 1248 1073 et
1271 1007 1545 1072 ethnicochristia-

206 1127 210 1140 ·
319 1110 377 1156 nos
392 1092 433 1156 de
447 1093 528 1173 legis
548 1092 707 1157 mosaicae
729 1093 947 1158 observandae
966 1094 1158 1159 necessitate
1179 1112 1251 1159 cum
1266 1093 1416 1158 Barnaba
1430 1093 1545 1158 Hiero-

319 1178 473 1258 solymam
488 1178 531 1242 ad
543 1177 718 1258 Apostolos
730 1178 896 1259 ablegatus
912 1184 962 1243 est
974 1198 1148 1260 corumque
1162 1180 1326 1244 decretum
1341 1178 1453 1243 retulit
1461 1178 1544 1258 (Act.

324 1263 369 1343 ἰδ’
388 1263 581 1428 ld3sslipso
605 1348 677 1413 dein
698 1368 760 1414 non
782 1339 882 1415 multo
904 1356 1049 1431 tempore
1070 1351 1208 1415 alterum
1228 1349 1369 1429 suscepit
1384 1367 1457 1413 cum
1473 1347 1545 1412 Sila

319 1435 382 1499 iter
401 1434 627 1514 apostolicum,
650 1434 682 1496 in
702 1453 766 1515 quo
786 1454 844 1515 per
860 1435 984 1516 Syriam
1000 1442 1033 1499 et
1049 1435 1191 1501 Ciliciam
1206 1435 1238 1498 in
1255 1434 1402 1498 civitates
1418 1434 1545 1496 Derbea

321 1523 354 1583 et
369 1524 515 1602 hyssram
530 1517 641 1598 rediit,
662 1519 736 1584 inde
750 1525 893 1586 assumto
912 1520 1067 1584 Timotheo
1082 1539 1141 1602 per
1155 1519 1329 1620 Plzrppeam
1335 1568 1345 1600 ,
1370 1518 1545 1591 Caiatiam,

322 1604 459 1690 Mysiam
475 1608 508 1668 et
522 1604 708 1688 Bithyniam
725 1605 878 1669 Troadem
901 1607 1003 1684 venit;
1028 1625 1066 1671 ex
1085 1606 1145 1671 hac
1168 1609 1297 1671 civitate
1320 1604 1430 1668 comite
1453 1607 1547 1668 etiam
1640 1682 1642 1687 ,
1679 1567 1680 1636 3

321 1689 413 1752 Iacca
427 1690 462 1751 ira
475 1690 640 1773 Europam
655 1691 848 1770 bricciam,
865 1693 1037 1773 etquidem
1048 1692 1080 1755 in
1093 1690 1311 1754 Macedoniam
1324 1695 1547 1772 transgressus

319 1773 493 1858 Philippis,
510 1773 748 1839 Thessalonicae
760 1781 793 1840 et
804 1776 943 1840 Beroeae
953 1777 1080 1841 Christo
1093 1777 1243 1842 ecclesias
1255 1775 1399 1858 collegit3
1415 1776 1547 1840 tandem

318 1859 451 1923 Athesis
477 1880 621 1942 quoque,
649 1859 795 1924 Carmeli
818 1867 850 1926 et
873 1861 992 1946 Ephesi
1015 1863 1137 1927 semina
1163 1861 1327 1927 doctrinae
1352 1860 1549 1926 christianae
1638 1934 1641 1938 ⁴

320 1945 439 2026 sparsit
455 1944 539 2026 (Act.
558 1947 605 2025 15,
622 1943 758 2025 36418,
774 1947 848 2028 22).

409 2032 456 2095 10.
477 2032 564 2097 -Post
579 2032 710 2113 aliquod
725 2036 852 2112 tempus
867 2032 999 2098 tertium
1013 2033 1077 2098 iter
1090 2033 1122 2097 in
1137 2033 1284 2114 regiones
1299 2031 1397 2096 Asiae
1414 2030 1549 2095 minoris

321 2121 354 2181 et
369 2117 520 2197 Europae
535 2117 698 2182 orientalis
713 2137 885 2198 aggressus
898 2143 955 2202 per
972 2117 1136 2182 Galatiam
1156 2133 1183 2182 et
1198 2117 1372 2203 Phrppiam
1387 2115 1550 2201 Ephesum

319 2202 416 2282 venit,
433 2203 488 2266 ubi
503 2222 562 2283 per
575 2203 736 2268 biennium
753 2209 785 2268 et
800 2209 867 2268 tres
880 2221 1006 2268 menses
1022 2203 1106 2282 (Act.
1120 2203 1169 2283 19,
1181 2204 1210 2267 8.
1226 2203 1298 2284 10),
1312 2201 1364 2267 vel
1378 2221 1439 2283 per
1448 2201 1549 2266 trien-

320 2287 409 2350 nium
424 2288 532 2352 docuit
547 2287 631 2367 (Act.
648 2289 699 2367 20,
715 2288 798 2370 31),
814 2290 842 2352 si
856 2293 984 2369 tempus
998 2288 1154 2354 brevioris
1169 2290 1399 2354 adnumeretur
1412 2287 1548 2366 itineris,

322 2372 409 2452 quod
424 2392 482 2453 per
494 2373 713 2439 Macedoniam
728 2376 761 2436 ia
776 2375 914 2438 casatam
929 2375 1053 2438 Cretam
1066 2388 1095 2438 et
1106 2375 1284 2446 Coraletbmn
1296 2373 1448 2454 suscepit,
1462 2373 1548 2437 unde

321 2463 430 2522 autem
444 2458 612 2539 Ephesum·
631 2464 681 2524 est
703 2478 859 2524 reversus.
871 2465 890 2537 ¹,
917 2459 1046 2541 Epheso
1066 2464 1140 2525 ante
1161 2464 1368 2541 pentecosten
1386 2458 1502 2523 relictis
1516 2458 1547 2522 in

322 2544 542 2608 Macedoniam
557 2568 655 2628 osque
671 2547 704 2607 ia
719 2544 886 2629 Illpm'eam
902 2546 988 2610 venit
1008 2546 1111 2626 (Rom.
1131 2545 1183 2624 15,
1202 2545 1278 2627 19),
1301 2545 1439 2609 hiemem
1454 2543 1549 2606 Ne'ca-

318 2629 438 2712 potiia
453 2628 553 2713 Epiro
569 2629 742 2712 transegit,
769 2631 801 2694 in
816 2630 953 2710 Achaia,
979 2631 1151 2713 praecipue
1169 2628 1314 2694 Commii
1331 2635 1399 2694 tres
1422 2647 1547 2694 menses

323 2715 514 2794 consumsit,
542 2719 575 2780 et
596 2734 655 2796 per
674 2715 895 2781 Macedoniam
918 2721 950 2781 et
968 2717 1078 2782 Asiam
1094 2717 1265 2795 Minorem,
1291 2734 1351 2796 per
1372 2715 1492 2795 Tyrum
1516 2718 1548 2779 et

322 2800 513 2866 Caesaream
527 2801 782 2882 llierosolymam
796 2802 891 2883 petiit
905 2799 989 2880 (Act.
1007 2802 1056 2881 18,
1072 2802 1208 2881 23-21,
1226 2801 1298 2883 ll).

400 2889 456 2956 .11.
485 2887 716 2969 Hierosolymis
732 2907 751 2952 a
766 2888 913 2968 ludaeis,
937 2888 993 2969 qui
1007 2887 1186 2952 uberrimos
1199 2886 1347 2952 laborum
1369 2885 1440 2966 ejus
1461 2883 1545 2950 fruc-

321 2978 375 3038 tus
391 2972 568 3054 aegerrime
582 2971 742 3051 ferebant,
766 2973 846 3055 legis
861 2973 997 3038 violator
1012 2979 1044 3038 et
1065 2977 1216 3054 apostata
1234 2976 1405 3037 accusatus
1426 2969 1460 3034 in
1479 2970 1544 3034 vin·

320 3058 392 3124 cula
408 3059 570 3140 conjectus
586 3065 645 3138 est,
661 3064 693 3124 et
710 3058 888 3124 Caesareae
903 3058 963 3124 sub
977 3059 1084 3122 Felice
1099 3071 1127 3121 et
1139 3057 1247 3139 Festo,
1270 3057 1416 3122 iudaeae
1430 3074 1545 3137 procu-

321 3144 484 3209 ratoribus
513 3163 572 3224 per
599 3144 761 3209 biennium
790 3145 822 3208 in
849 3163 976 3209 carcere
1001 3145 1167 3223 detentus,
1197 3162 1215 3208 e
1240 3161 1304 3224 quo
1329 3141 1447 3207 Festus
1473 3159 1544 3206 eum

320 3229 509 3378 dimisigset,
525 3229 597 3395 pisi
618 3229 793 3310 Apostolus
812 3230 855 3294 ad
876 3229 1023 3295 Caesaris
1044 3228 1149 3294 iorum
1168 3227 1364 3310 appellasset
1386 3225 1471 3306 (Act.
1494 3225 1543 3305 21,

411 3399 458 3464 12.
488 3401 517 3462 Α
532 3400 630 3464 Festo
645 3399 779 3463 Romam
793 3399 911 3464 missus
925 3404 1000 3481 post
1014 3400 1104 3464 varia
1118 3398 1186 3465 fata
1200 3400 1337 3464 adversa
1352 3402 1385 3462 et
1402 3395 1543 3478 pericula

323 3487 356 3550 in
370 3486 485 3551 itinere
500 3485 660 3550 maritimo
674 3485 707 3548 in
723 3484 809 3550 orbis
824 3485 1026 3566 metropolim
1041 3486 1143 3564 venit,
1160 3489 1193 3550 et
1206 3484 1239 3548 in
1255 3483 1402 3548 custodia
1415 3480 1543 3547 militari

323 3589 382 3652 per
396 3571 557 3637 biennium
572 3570 689 3636 mansit
705 3569 789 3649 (Act.
805 3571 856 3650 27,
874 3571 987 3649 1-28,
1003 3572 1077 3652 30.)
1586 3578 1589 3584 ’

408 3658 458 3721 30.
488 3657 536 3720 Ex
561 3656 622 3721 hac
652 3656 838 3737 captivitate
866 3655 1022 3721 liberatus
1047 3654 1222 3735 Apostolus
1250 3653 1313 3719 iter
1342 3651 1541 3734 suscepitis

325 3740 495 3822 Orientem,
523 3742 597 3807 dein
618 3746 727 3806 autem
750 3759 898 3806 reversus
918 3741 951 3805 in
967 3741 1172 3806 Occidentem
1193 3739 1227 3804 in
1241 3738 1437 3823 Hispaniam
1450 3734 1540 3814 venit,

323 3826 461 3906 denique
475 3826 610 3890 Romam
624 3827 721 3892 rediit
736 3831 768 3891 et
782 3846 846 3892 una
861 3845 932 3892 oum
947 3826 1044 3891 Petro
1058 3825 1247 3906 martyrium
1262 3841 1377 3905 passus
1393 3827 1452 3890 est.

409 3912 440 3976 S.
455 3911 591 3975 Paulum
611 3930 629 3975 e
651 3911 754 3992 prima
776 3912 962 3992 captivitate
982 3913 1125 3976 Romana
1143 3928 1256 3975 revera
1272 3909 1446 3975 liberatum
1466 3923 1540 3983 esse,

325 4002 358 4063 et
371 3997 404 4061 in
419 3996 521 4061 altera
536 3997 664 4061 demum
679 3997 786 4077 gladio
801 3997 1015 4077 interemtum,
1035 3995 1240 4062 etraditione
1254 3996 1349 4060 docet
1363 3991 1541 4070 Eusebius,²

328 4134 519 4142 ——--——-·-.

392 4202 400 4232 ¹
418 4198 474 4251 Iter
485 4196 536 4251 hoc
547 4197 654 4250 brevius
668 4197 701 4250 ab
713 4197 842 4264 Apostolo
860 4203 1015 4265 susceptum
1033 4212 1092 4251 esse
1104 4196 1213 4264 Epheso
1226 4193 1446 4262 Corinthum'per
1455 4191 1540 4246 Mace·

325 4266 439 4331 doniam,
452 4266 525 4320 clare
537 4265 680 4318 edocemur
691 4280 706 4318 e
718 4266 738 4318 I.
752 4265 811 4320 Cor.
825 4267 866 4329 10,
879 4266 915 4319 7.:
934 4265 1018 4330 „Nolo
1030 4265 1100 4317 enim
1113 4281 1159 4317 vos
1172 4264 1250 4318 modo
1261 4264 1289 4316 in
1301 4263 1418 4316 transitu
1428 4260 1539 4322 adema

325 4351 339 4388 e
352 4336 386 4388 Π.
400 4335 458 4389 Cor.
471 4335 496 4400 2,
510 4337 548 4388 1.:
567 4333 624 4399 „Ne
636 4334 732 4387 iterum
745 4333 772 4386 in
784 4333 894 4387 tristitia
906 4334 1010 4387 veniam
1023 4333 1056 4386 ad
1068 4337 1144 4399 vos“;
1165 4349 1180 4386 e
1194 4333 1234 4397 12,
1248 4333 1288 4385 14,
1301 4338 1329 4384 et
1342 4332 1381 4395 13,
1395 4332 1430 4384 1.:
1450 4334 1539 4404 τρίτρν

325 4406 409 4458 τοῦτο
423 4407 452 4474 ἔρ
473 4425 540 4476 ομαι
554 4401 626 4472 πρὸς
639 4401 716 4480 ὑμᾶς.
741 4402 800 4455 Hac
811 4402 950 4455 occasione
959 4403 984 4455 A
1004 4401 1119 4454 ostolum
1132 4401 1227 4454 comite
1240 4399 1301 4453 Tito
1313 4400 1393 4478 etiam
1406 4397 1540 4451 venissem

324 4471 439 4550 insulam
450 4424 567 4536 Cretam,
579 4486 594 4523 e
607 4485 693 4549 serius
706 4468 826 4549 dicendis
838 4470 948 4538 patebit.
1025 4469 1097 4523 inam
1109 4469 1161 4522 iter
1172 4469 1244 4523 istud
1256 4469 1363 4522 brevms
1374 4463 1538 4520 mserendum

326 4545 368 4605 m,
380 4539 414 4643 a’d
421 4539 567 4662 glnssmeicl
570 4538 611 4660 {12
617 4537 885 4669 Euiihitaglbliniioilae
896 4602 932 4674 ol
945 4602 997 4661 οὖν
1009 4604 1052 4661 tn‘
1066 4603 1151 4672 αὐτῆς
1159 4601 1264 4678 Ῥώμης
1277 4602 1328 4671 τὴν
1339 4599 1462 4674 κεφαλὴν
1473 4598 1541 4654 ἀπο-
