3314 5166
759 275 1045 338 -124——

287 465 351 512 non
372 445 555 528 potuissent
574 445 711 527 supponi
733 463 771 510 eo
793 463 866 510 cum
887 463 1054 525 successu,
1078 451 1116 510 ut
1136 445 1178 510 ab
1202 444 1350 511 omnibus
1372 444 1517 511 ecclesiis

287 532 417 612 genuini
431 533 636 610 haberentur,
652 531 825 610 etquidem
837 531 878 595 ob
890 531 1089 612 vigilantiam
1104 549 1230 611 eorum,
1247 530 1365 612 quibus
1380 530 1518 596 historia

287 622 321 682 et
343 618 490 683 doctrina
514 617 633 682 Christi
657 616 867 681 custodienda
894 617 1016 680 tradita
1041 620 1128 695 erat;
1158 616 1380 698 suppositores
1406 620 1518 681 autem

288 702 418 767 serioris
433 702 588 783 temporis
602 702 643 766 ab
659 701 744 766 omni
758 719 867 783 pugna
882 720 954 766 cum
968 700 1032 767 fide
1043 702 1149 783 dignis
1158 702 1294 767 aliorum
1304 701 1519 767 relationibus

287 787 349 852 sibi
364 807 476 852 cavere
490 787 578 853 haud
592 786 789 869 potuissent;
806 787 923 852 etenim

375 873 409 955 1)
432 878 538 938 status
560 871 771 954 reipubHcae,
794 872 881 936 etin
902 891 1020 954 genere
1041 891 1093 938 res
1111 872 1261 954 judaicae
1280 891 1385 953 usque
1400 873 1521 937 adhoc

287 962 415 1040 tempus
437 959 600 1040 ingentem
622 956 788 1022 subierant
809 958 1028 1024 mutationem.
1071 957 1155 1022 Nam
1175 976 1238 1022 non
1260 963 1387 1022 tantum
1401 957 1521 1023 Hiero-

290 1042 412 1123 solyma
426 1063 499 1108 cum
513 1043 633 1124 templo
649 1061 762 1108 eversa
777 1048 884 1122 erant,
908 1048 941 1107 et
955 1043 1061 1108 cultus
1074 1042 1235 1108 mosaicus
1249 1043 1295 1108 ibi
1318 1047 1521 1120 cessaverat3

288 1128 347 1192 sed
360 1129 541 1210 permultae
555 1129 638 1193 aliae
654 1128 752 1193 etiam
767 1128 930 1208 civitates,
953 1129 1073 1210 oppida
1088 1134 1121 1193 et
1135 1129 1211 1210 pagi
1232 1128 1412 1210 perierant3
1435 1128 1520 1193 anti-

288 1213 362 1293 quis
377 1214 581 1295 opinionibus
596 1233 634 1279 ac
649 1212 817 1279 sententiis
832 1220 977 1280 recentes
992 1221 1228 1293 successerant,
1245 1232 1346 1280 novae
1361 1214 1521 1296 cognitio-

287 1317 344 1363 nes
360 1305 393 1364 et
415 1299 563 1364 notiones
585 1304 699 1364 enatae
722 1305 829 1378 erant,
852 1298 935 1364 aliae
949 1299 983 1364 in
1004 1298 1114 1381 lingua
1135 1297 1292 1364 formulae
1313 1299 1521 1364 introductae

288 1388 370 1448 etc·
392 1384 430 1448 In
449 1384 501 1448 his
522 1384 683 1465 adjunctis
705 1403 830 1449 omnem
852 1385 1145 1465 anachronismum,
1168 1403 1309 1449 errorem
1331 1389 1365 1449 et
1382 1384 1522 1465 proinde

287 1486 429 1549 pugnam
451 1469 574 1534 evitare
596 1469 697 1534 atrivis
719 1469 819 1535 hbros
840 1468 880 1534 N.
896 1470 932 1534 T.
955 1470 1161 1552 supposituro
1183 1467 1372 1551 perdifficile
1392 1467 1521 1548 brisset,

287 1553 384 1634 plane
397 1553 595 1635 impossibile
609 1574 685 1620 vero

375 1639 410 1721 2)
431 1639 614 1704 hominibus
627 1639 805 1719 ilhteratis,
828 1639 940 1721 quales
961 1639 1000 1704 N.
1017 1641 1051 1704 T.
1074 1646 1223 1705 auctores
1244 1638 1360 1719 fuisse,
1384 1638 1522 1720 quaevis

288 1723 407 1805 pagina
422 1725 571 1790 ostendit.
603 1725 684 1790 Cum
699 1725 783 1790 enim
797 1743 837 1790 ne
854 1725 986 1790 Curtius
1001 1725 1140 1806 quidem,
1155 1725 1275 1805 Livius,
1291 1725 1522 1806 Philostratus,

289 1808 454 1890 lustinus,
482 1811 538 1890 qui
560 1816 652 1876 crant
672 1811 734 1876 viri
749 1810 988 1892 singularitnm
1002 1811 1129 1893 ingenio
1144 1811 1300 1893 praediti,
1326 1815 1397 1874 tum
1412 1809 1523 1876 erudi-

288 1893 376 1960 tione
391 1895 506 1975 ornati,
522 1903 648 1961 omnem
662 1896 941 1961 anachronismum
956 1901 990 1961 et
1005 1915 1145 1961 errorem
1160 1895 1363 1976 evitaverint,
1385 1895 1445 1960 ubi
1459 1915 1523 1960 non

289 1997 424 2060 coaeva,
447 1981 505 2046 sed
524 1981 709 2062 antiquiora
727 1980 886 2046 referunt:
908 1981 1068 2062 quomodo
1083 1982 1122 2044 N.
1139 1982 1173 2045 T.
1189 1986 1348 2061 auctores,
1364 1981 1392 2045 si
1408 1999 1524 2046 eorum

289 2063 364 2130 libri
379 2070 488 2131 essent
503 2066 672 2148 suppositi,
688 2067 804 2132 simiha
819 2067 968 2132 evitando
982 2085 1079 2148 pares
1092 2065 1253 2131 fuissent?
1275 2103 1318 2111 -
1340 2066 1394 2130 Sic
1407 2066 1523 2130 Livius

161 2193 166 2201 -
289 2150 418 2214 nomina
433 2151 601 2231 Sinuessa,
617 2152 809 2231 Praeneste,
823 2152 921 2232 Arpi,
944 2170 1028 2233 quae
1042 2151 1223 2216 recentiora
1237 2158 1328 2231 sunt,
1350 2151 1421 2217 loco
1438 2152 1523 2216 anti-

290 2235 456 2314 quiorum:
478 2235 608 2317 Sinope,
634 2236 912 2318 Argos-Hippium
927 2243 960 2302 et
974 2237 1136 2318 Stephane
1150 2237 1257 2301 habet.
1301 2236 1523 2302 Philostratus

288 2318 323 2382 in
344 2319 412 2384 vita
426 2321 588 2401 Apollonii
603 2321 745 2403 Tyanaei
759 2322 956 2402 Babylonem
977 2323 1091 2388 urbem
1113 2321 1314 2404 magnificam
1329 2322 1421 2386 adid
1440 2328 1523 2387 tem-

289 2423 353 2485 pus
367 2405 522 2487 depingit,
538 2426 602 2487 quo
613 2407 681 2488 jam
695 2406 763 2473 fere
778 2407 887 2473 dimite
902 2412 973 2472 erat
987 2412 1021 2473 et
1036 2410 1174 2474 deserta.
1219 2408 1368 2472 lustinus
1383 2406 1455 2488 (lib.
1471 2408 1522 2472 36.

177 2565 180 2571 ¹
290 2508 315 2553 c.
338 2490 384 2572 2.)
409 2491 494 2555 inter
518 2490 613 2571 plura
637 2511 715 2557 vera
736 2494 777 2558 de
799 2493 957 2558 Hebraeis
979 2493 1079 2558 allata
1099 2492 1318 2558 abrahamum
1341 2498 1374 2557 et
1395 2492 1524 2559 Israhel

289 2574 564 2641 Damascenorum
578 2595 671 2659 reges
686 2578 780 2658 dicit;
802 2578 977 2644 Israhelem
992 2578 1147 2661 populum
1161 2578 1194 2642 in
1211 2579 1252 2644 10
1266 2597 1366 2660 regna
1380 2578 1524 2644 divisum

288 2657 364 2726 filiis
385 2661 576 2741 tradidisse;
601 2663 750 2744 Moysen,
775 2665 797 2729 J
799 2664 910 2745 osephi
931 2663 1048 2744 filium,
1075 2669 1109 2729 et
1129 2663 1242 2747 populi
1263 2683 1302 2729 ex
1315 2665 1468 2746 Aegypto
1490 2665 1523 2729 in

288 2745 429 2825 patriam
443 2746 676 2814 Damascenam
690 2749 817 2816 reducti
831 2768 940 2832 regem
954 2749 1055 2816 fuisse
1068 2748 1226 2830 perhibet.

287 3050 336 3125 11.
363 3051 466 3126 libri
484 3054 529 3126 N.
548 3055 592 3128 T.
610 3054 761 3128 materia
779 3061 813 3128 et
831 3057 1039 3156 formatus
1058 3053 1281 3128 consentiunt
1299 3076 1380 3127 cum
1398 3053 1519 3127 condi-

408 3171 504 3245 tione
522 3178 557 3245 et
575 3173 753 3268 adjunctis
771 3182 967 3268 auctorum,
985 3174 1115 3269 quibus
1133 3173 1395 3247 adscribuntur.

850 3394 878 3475 s.
902 3395 953 3461 sa

612 3527 809 3591 Conspectus
821 3532 977 3606 materiae
989 3531 1190 3582 tractandae.
1195 3534 1209 3595 ,ἑ

373 3679 607 3761 Antiquissima
629 3688 662 3747 et
687 3681 754 3748 iere
780 3684 938 3749 unammis
964 3684 1097 3749 traditio
1124 3684 1198 3750 eccl.
1224 3682 1339 3764 refert,
1365 3689 1515 3749 auctores

287 3761 443 3828 librorum
457 3765 496 3830 ll.
513 3768 548 3830 T.
562 3766 663 3832 tuisse
677 3769 763 3833 viros

375 3848 409 3930 1)
431 3856 503 3916 octo
518 3850 679 3931 diversos;

373 3934 409 4016 2)
432 3941 606 4016 antequam
623 3936 751 4002 Christo
766 3956 880 4002 nomen
895 3938 1062 4018 dederunt,
1077 3939 1237 4018 Judae0s3

373 4021 408 4102 3)
431 4021 557 4086 duobus
574 4024 716 4103 exceptis
730 4023 909 4103 illiteratos,
927 4028 960 4087 et

373 4105 408 4188 4)
432 4125 539 4170 rerum
555 4124 575 4170 a
591 4105 718 4173 Christo
734 4114 899 4189 gestarum
914 4108 1137 4189 dictorumque
1152 4109 1221 4190 ejus
1238 4114 1270 4172 et
1292 4106 1433 4172 fatorum
1454 4107 1511 4171 im-

287 4189 445 4256 mediatos
458 4196 569 4256 testea.

374 4275 419 4340 Ut
429 4277 497 4358 jam
512 4277 650 4342 alterum
665 4279 851 4344 anthentiae
866 4278 1030 4343 criterium
1044 4279 1205 4344 internum
1218 4279 1310 4343 libris
1324 4278 1364 4342 N.
1377 4279 1413 4342 T.
1427 4275 1511 4355 insit,

287 4361 424 4424 materia
440 4368 473 4426 et
486 4360 588 4427 format
603 4362 663 4428 sua
677 4363 752 4429 huic
766 4370 951 4445 auctorum,
974 4363 1091 4445 quibus
1106 4365 1307 4444 tribuuntur,
1330 4360 1510 4440 conditioni,

286 4443 403 4524 hisque
418 4463 529 4510 eorum
544 4448 703 4530 adjunctis
718 4450 942 4531 respondeant,
957 4468 1087 4516 necesse
1098 4457 1156 4516 est.
1181 4451 1271 4526 Quae
1278 4449 1327 4514 ita
1338 4467 1373 4514 se
1383 4447 1511 4525 habere,

287 4531 456 4610 sequentia
470 4533 638 4599 docebunt.
