3428 5180
638 310 924 374 ——335—

167 485 248 560 rent,
265 496 345 561 quos
359 477 468 545 Nerva
482 478 637 560 supplicio
652 477 738 544 affici
748 478 869 560 jussit1
898 477 1072 545 Praeterea
1086 479 1287 544 Domitianus
1301 480 1389 561 ipsos

167 571 321 647 cognatos
337 581 413 629 suos
428 564 468 631 ob
484 564 659 645 impietatis
674 563 925 642 accusationem,
948 563 967 628 i.
985 583 1010 628 e.
1027 564 1066 629 ob
1083 564 1224 628 divinum
1238 566 1389 631 honorem

167 650 197 716 ei
213 650 416 732 denegatum,
431 654 489 714 aut
504 647 672 729 interiecit,
688 653 725 712 ut
739 649 888 714 Flentem
901 647 1082 712 Clementem
1100 650 1271 730 consulem,
1286 657 1343 714 aut
1357 651 1389 714 in

167 735 296 802 exilium
312 734 408 816 misit,
430 740 468 798 ut
482 733 632 798 Flam'om
646 733 857 812 Domitillam,
881 733 1053 798 Clementis
1068 753 1208 815 uxorem,
1231 734 1390 802 Pandate-

165 821 260 900 rium,
277 825 310 884 et
325 817 427 883 oliam
441 817 644 883 Domitillam
660 823 827 899 cognatam
841 819 875 883 in
889 819 1025 883 insulam
1040 819 1211 884 Pontiani

254 905 288 988 y)
312 903 400 982 Quae
414 926 501 990 apoc.
518 927 542 968 c.
558 903 609 969 13.
625 906 716 968 ee17.
732 905 875 989 loquatur
891 903 928 967 de
943 904 1041 968 bestia
1056 906 1210 985 coccinea,
1225 905 1320 986 plena
1334 925 1390 971 no-

164 989 305 1055 minibus
327 988 560 1071 blasphemiae,
587 989 628 1054 de
649 988 781 1054 muliere
804 989 892 1054 ebrit
915 990 955 1054 de
977 989 1130 1071 sanguine
1153 997 1335 1055 sanctorum
1358 997 1391 1056 et

164 1083 345 1155 martyrum
360 1075 449 1154 lesu,
464 1074 738 1140 accuratissimam
754 1074 903 1140 exhibent
916 1074 1087 1156 imaginem
1094 1074 1278 1154 Domitiani,
1294 1094 1390 1156 quem

165 1160 290 1226 Plinius
304 1160 567 1225 immanissimam
581 1159 721 1224 belluam
735 1159 814 1224 dicit
827 1177 910 1224 nunc
932 1161 1183 1241 propinquorum
1204 1161 1390 1242 sanguinem

164 1246 370 1394 }ambentem,
385 1263 469 1310 nuno
484 1263 519 1310 se
533 1244 576 1310 ad
592 1244 840 1310 clarissimorum
856 1244 971 1309 civium
986 1251 1112 1327 strages
1128 1246 1306 1327 caedesque
1317 1265 1391 1327 pro·

179 1336 322 1396 erentem
338 1335 413 1396 etc³

253 1416 287 1496 d)
309 1414 514 1497 Hegesippus
529 1415 616 1496 apud
630 1414 807 1480 Eusebium
822 1414 930 1494 refert,
953 1414 1179 1495 Domitianum,
1203 1416 1258 1497 qui
1278 1417 1318 1480 de
1334 1417 1390 1480 ad·

165 1505 265 1565 ventu
278 1498 398 1565 Christi
411 1499 545 1582 perinde
559 1518 597 1564 ac
604 1500 751 1564 Herodes
767 1500 828 1564 sibi
843 1500 1019 1580 metuisset,
1035 1519 1153 1580 omnes,
1169 1502 1225 1582 qui
1239 1501 1390 1566 aDavide
1413 1507 1418 1520 “

165 1585 294 1667 generis
310 1585 360 1649 sui
375 1585 530 1666 originem
544 1585 707 1665 ducerent,
727 1584 863 1651 interfici
874 1586 1019 1666 iussisse,
1040 1592 1073 1650 et
1088 1586 1169 1650 duos
1184 1587 1205 1650 J
1206 1586 1290 1651 udae
1304 1587 1391 1668 Apo-

164 1669 243 1736 stoli
264 1676 412 1752 posteros
435 1689 456 1734 a
480 1669 638 1735 nonnullis
660 1670 784 1735 delatos
807 1671 849 1735 ad
873 1669 1044 1736 Caesarem
1064 1689 1135 1736 esse
1157 1671 1322 1751 adductos
1350 1672 1389 1736 ob
1483 1745 1484 1748 Ἴ

163 1755 261 1821 vilem
273 1773 350 1822 vero
366 1755 579 1822 conditionem
593 1772 684 1820 suam
700 1774 771 1820 cum
787 1761 948 1820 contemtu
968 1760 1155 1820 tractatos.⁴
1168 1791 1211 1800 -
1227 1757 1310 1832 Quid
1322 1758 1390 1836 jam

135 1860 138 1866 ’
164 1840 270 1922 magis
285 1840 452 1922 probabile
467 1845 532 1920 est,
556 1858 652 1920 quam
667 1840 765 1905 etiam
780 1840 952 1920 loannem,
974 1840 1138 1921 Apostolis
1154 1839 1273 1905 Christi
1287 1841 1390 1906 solum

164 1925 389 2007 superstitem,
412 1944 432 1990 a
450 1925 614 1990 malevobs
635 1926 722 2006 apud
736 1925 954 1990 Domitianum
969 1945 1040 1991 esse
1055 1926 1196 1991 delatum
1212 1931 1245 1992 et
1260 1946 1298 1993 ex
1311 1927 1391 1991 Asia

166 2013 304 2076 Romam
320 2011 503 2090 adductum,
519 2016 627 2091 atque,
641 2018 679 2074 ut
693 2010 909 2076 Tertullianus
925 2019 996 2076 ets.
1012 2011 1225 2092 flierouymus
1239 2011 1391 2091 referunt,

164 2097 198 2162 in
213 2096 335 2160 dobum
350 2095 502 2161 ferventis
518 2095 580 2160 olei
594 2096 788 2175 immersum,
805 2105 838 2161 et
853 2115 924 2160 cum
938 2097 1016 2160 nihil
1030 2097 1105 2160 inde
1120 2115 1235 2178 passus
1251 2098 1389 2176 exiisset,

163 2182 198 2246 in
212 2181 350 2246 insulam
365 2181 514 2245 Patmum
529 2181 683 2245 missum?

254 2267 410 2332 loannem
433 2265 492 2330 sub
515 2264 609 2330 finem
624 2265 798 2330 Domitiani
819 2266 946 2347 imperii
968 2266 1000 2330 in
1022 2265 1126 2330 insula
1142 2266 1254 2332 Patmo
1275 2285 1390 2347 apoca-

165 2351 272 2432 lypsin
294 2351 430 2430 vidisse,
453 2368 477 2415 s
500 2351 653 2416 benacus
672 2355 827 2430 testatur;
853 2357 927 2432 post
947 2357 1083 2417 mortem
1103 2351 1189 2415 illius
1210 2352 1339 2432 tyranni
1357 2352 1390 2416 in

169 2437 281 2500 Asiam
296 2437 451 2501 minorem
464 2454 612 2502 reversus
628 2441 686 2515 est,
702 2454 774 2500 cum
784 2437 892 2502 Nerva
907 2436 1036 2502 decreto
1052 2437 1196 2502 exulibus
1211 2438 1391 2503 revertendi
1423 2461 1425 2468 ·

169 2521 332 2586 licentiam
348 2521 441 2586 daret
456 2525 489 2586 et
503 2522 586 2587 bona
601 2521 817 2587 restitueret⁵
859 2521 945 2586 Num
959 2529 1068 2587 autem
1082 2522 1283 2603 apocalypsis
1297 2523 1330 2590 in
1344 2522 1390 2586 in-

166 2606 241 2672 sula
255 2607 370 2672 Patrno
385 2606 506 2687 scripta
520 2606 572 2686 sit,
588 2625 630 2672 an
643 2615 718 2687 post
732 2607 880 2689 Apostoli
895 2608 1043 2688 reditum,
1063 2627 1167 2694 neque
1183 2627 1200 2672 e
1218 2614 1245 2687 l,
1261 2609 1289 2672 9.
1306 2608 1390 2672 clare

162 2698 265 2773 patet,
281 2710 385 2772 neque
399 2691 596 2772 abantiquis
610 2691 758 2756 traditur.

136 2885 140 2894 ’
235 2896 245 2927 ¹
262 2891 514 2946 nicomadum.
529 2891 552 2944 1.
565 2890 599 2944 de
610 2890 700 2944 Nerva
711 2889 787 2943 dicit:
811 2895 919 2946 Πολλοὶ
936 2891 967 2946 δὲ
984 2896 1028 2944 nul
1048 2891 1103 2945 τῶν
1117 2891 1390 2961 συκοφαντησάντων

164 2959 292 3040 θανάτου
309 2959 566 3028 accederes-incur,
588 2963 618 3013 lv
636 2957 678 3020 οἷς
694 2963 739 3013 καὶ
750 2964 839 3032 Σέρας
859 2957 892 3026 ἧν
909 2958 1105 3030 ὁᾳιλόσοᾳ-ος.
1130 2957 1184 3012 ctr.
1196 2958 1264 3012 Plin.
1278 2959 1311 3013 de
1323 2959 1390 3013 Tra·

160 3043 244 3132 Jonas*
262 3095 313 3150 Dio
320 3096 394 3149 Cass.
409 3081 473 3150 ‘Kar
486 3097 526 3165 τῷ
536 3093 613 3165 αὐτῷ
625 3098 681 3152 ἔτει
692 3093 791 3156 ἄλλους
803 3114 832 3150 τε
845 3095 969 3157 πολλοὺς
980 3099 1024 3150 καὶ
1039 3093 1089 3149 τὸν
1103 3094 1227 3163 Φλάβιον
1239 3095 1387 3167 Κλήμεντα

162 3164 354 3228 ὑπατεύοντα,
373 3169 473 3235 καίπερ
490 3161 610 3233 ἀνεψιὸν
623 3162 703 3228 ὄντα,
721 3167 766 3249 aui
777 3169 893 3234 γυναῖκα
905 3167 950 3217 καὶ
963 3161 1182 3252 ιξύιὴνησυγγενῆ
1195 3165 1296 3250 {coroa}
1310 3168 1387 3218 Φλα-

160 3231 1388 3386 tractatam{tractatoriam„tratzqtcaamam

160 3371 267 3506 ital
282 3369 1387 3508 titttitttalet,ttstilti.‘tfttsttltlsttlttlt·

159 3460 410 3558 Flaviaffiomitilla
420 3519 475 3557 una
487 3510 545 3556 erat
558 3457 702 3559 offensum
715 3518 791 3568 uxor,
803 3502 890 3582 altera
902 3503 1000 3558 sororis
1011 3502 1075 3555 filia.
1196 3570 1201 3581 Ι
1326 3571 1332 3582 .

233 3577 244 3608 ⁸
261 3572 364 3626 Plinius
375 3572 404 3624 in
415 3587 542 3641 panegyr.
555 3588 578 3626 a.
590 3573 646 3625 itt:
671 3571 728 3624 Neo
746 3570 921 3626 salutationes
937 3578 998 3624 tuas
1017 3572 1082 3638 fuga
1098 3578 1125 3624 et
1135 3577 1246 3624 vastitas
1259 3575 1386 3638 sequrtnr,

161 3655 338 3706 remoramur,
350 3640 500 3694 resistimus
512 3641 582 3694 utin
594 3639 726 3694 communi
737 3638 823 3704 domo,
836 3655 915 3706 quam
927 3653 1013 3708 nuper
1023 3639 1215 3692 immanissima
1226 3638 1317 3693 bellua
1327 3639 1387 3707 plu-

161 3709 233 3763 rimo
244 3716 346 3767 terrore
358 3708 498 3763 munierat.
523 3707 590 3762 Cum
602 3708 676 3763 velut
687 3705 801 3784 quodam
814 3722 897 3775 specu
907 3708 1011 3762 inclusa
1022 3723 1093 3761 nunc
1105 3707 1313 3775 propinquorum
1326 3723 1387 3762 san·

182 3777 272 3830 uinem
288 3777 431 3840 lamberet,
452 3791 523 3854 nune
541 3792 570 3830 se
586 3776 621 3830 ad
638 3775 846 3829 clarissrmorum
863 3776 959 3830 civium
971 3783 1074 3854 strages
1087 3775 1234 3842 caedesque
1246 3775 1386 3843 proferret.

161 3793 381 3900 gbservabantur
392 3843 494 3898 foribus
505 3843 600 3897 horror
613 3851 640 3898 et
651 3844 738 3897 minae
750 3848 778 3896 et
789 3858 839 3911 par
850 3852 938 3898 metus
950 3844 1074 3897 admrssrs
1087 3850 1114 3896 et
1126 3843 1250 3897 exclusis.
1273 3845 1315 3898 Ad
1328 3845 1386 3909 hoc,

161 3915 223 3982 ipse
234 3928 347 3968 occursu
358 3927 462 3982 quoque
473 3912 583 3980 visuque
594 3912 735 3976 terribihs,
753 3925 784 3964 su
804 3912 878 3966 erbia
889 3914 917 3966 in
928 3913 1028 3977 fronte,
1046 3912 1087 3964 ira
1098 3913 1125 3965 in
1137 3911 1236 3977 oculis,
1255 3911 1386 3966 femineus

161 3981 251 4051 pallor
266 3982 294 4036 in
311 3996 435 4049 corpore,
455 3980 483 4034 in
499 3994 544 4034 ore
560 3979 725 4048 impudentia
741 3995 767 4031 m
797 3982 933 4035 torubore
946 3981 1056 4034 suffusa.
1088 3980 1149 4034 Non
1161 3981 1234 4034 adire
1246 3982 1386 4049 quispiam,

162 4065 218 4104 non
234 4049 333 4117 alloqui
348 4049 478 4114 audehat,
497 4049 622 4103 tenebras
639 4063 745 4116 semper
762 4055 946 4117 secretumque
965 4056 1129 4117 captantem3
1150 4065 1199 4103 nec
1218 4063 1333 4116 unquam
1352 4064 1386 4102 ex

162 4117 307 4172 solitudine
320 4133 369 4171 sua
379 4117 561 4186 prodeuntem,
573 4117 625 4170 nisi
637 4123 667 4170 ut
679 4116 847 4171 solitudinem
859 4116 968 4171 faceret.

232 4189 244 4220 ⁴
261 4185 315 4240 Cfr.
327 4185 426 4239 Euseb.
442 4185 470 4239 h.
482 4201 505 4239 e.
517 4185 565 4238 111.
578 4185 619 4238 19.
630 4185 672 4239 20.

233 4259 244 4290 ⁵
261 4255 380 4308 Zonaras
391 4271 417 4322 p.
429 4253 488 4308 583.
499 4254 531 4306 B.
554 4260 621 4314 Τοῖς
632 4253 679 4308 ὑπ’
694 4256 801 4308 ἐκείνου
812 4254 1016 4326 (Δομιτιανοῦ)
1030 4257 1180 4314 taetriorem
1193 4251 1286 4324 δόγμα
1299 4255 1384 4307 ἔπαν-

165 4328 244 4380 ελθεῖ
245 4343 259 4376 ν
272 4326 356 4394 ἐφῆκε
368 4329 413 4376 καὶ
426 4321 474 4384 τὰς
486 4323 582 4382 οὐσίας
594 4320 751 4391 ἀπολαβεῖν.
