3364 5156
782 285 1069 348 ἤρξω-..

312 463 442 536 praeter
457 453 679 518 necessitatem
695 463 879 534 quaereret,
907 475 1011 536 neque
1026 456 1143 520 limites
1158 457 1367 522 humanitatis
1382 463 1416 523 11
1436 459 1541 523 cbari-

315 539 393 602 tatis
408 539 480 602 aliis
495 538 623 603 debitae
638 540 926 619 transgrederetur.

400 627 428 687 b.
452 625 534 688 Mira
549 624 722 688 voluntatis
745 625 881 689 lirmitas
904 633 935 690 ct
958 626 1152 704 constantia,
1179 645 1243 707 qua
1265 647 1317 692 res
1336 627 1541 692 difficillimas

315 711 465 790 suscepit,
482 719 514 774 et
529 729 590 774 non
606 710 809 776 obstantibus
824 712 1060 792 impedimentis
1071 713 1211 776 externis
1222 722 1255 776 et
1265 714 1399 778 internis
1410 723 1542 778 strenue

313 815 352 860 ac
365 793 500 860 feliciter
515 795 759 876 exsequebatur.

398 885 427 944 6.
450 883 579 942 Sancum
596 885 628 940 in
642 882 762 965 offendo
778 895 806 943 et
820 882 952 944 dicendo
965 883 1147 965 prr-urkatte,
1170 902 1234 963 qua
1249 885 1496 966 quibuscunque
1510 886 1542 948 iu

316 967 474 1047 adjunctis
489 967 531 1029 ad
546 985 613 1030 rem
627 965 835 1031 christianam
851 969 1092 1049 propagandam
1107 969 1155 1031 uti
1174 968 1287 1032 solitus
1309 977 1374 1048 est,
1401 975 1434 1034 et
1455 989 1543 1050 quae

312 1053 395 1116 utin
412 1069 593 1116 sermonum
610 1053 678 1132 ejus
694 1053 839 1131 materia,
859 1055 905 1117 ita
920 1054 1016 1117 etiam
1032 1055 1063 1117 in
1080 1073 1189 1118 eorum
1205 1054 1307 1118 formai
1322 1063 1355 1118 et
1370 1075 1542 1137 argumen-

313 1137 402 1202 tandi
418 1137 542 1201 ratione
557 1138 761 1218 cognoscitur
775 1139 873 1202 variis
888 1138 1068 1203 hominibus
1083 1142 1307 1220 attemperata.

400 1223 426 1285 l.
451 1223 606 1285 Severc'toc
621 1225 712 1285 ettam
729 1227 851 1286 cronice
867 1249 954 1286 usum
972 1248 1032 1285 non
1054 1247 1202 1307 spcrrtcac
1223 1225 1255 1288 in
1276 1226 1454 1290 tractandis
1478 1226 1543 1289 ilus

313 1307 502 1385 hominibus,
518 1308 663 1388 aquibus
674 1310 799 1388 puritas
811 1310 975 1374 doctrinae
985 1310 1104 1374 Christi
1116 1317 1149 1374 et
1160 1329 1283 1374 morum
1294 1311 1543 1375 christianorum

313 1393 547 1457 malevoleaut
569 1394 752 1474 petulanter
773 1396 805 1458 in
824 1395 1002 1475 periculum
1025 1396 1246 1460 deducebatur
1267 1396 1316 1460 vel
1340 1397 1543 1474 laedebatur,

314 1479 481 1559 conjuncta
497 1487 603 1544 tamen
619 1498 690 1544 cum
704 1479 836 1545 lenitate
852 1487 885 1545 et
900 1480 1144 1546 mansuetudine
1164 1499 1241 1562 erga
1261 1483 1491 1563 resipiscentes
1512 1492 1544 1547 et

315 1583 379 1644 eos,
395 1564 450 1645 qui
465 1564 505 1630 ob
521 1564 618 1628 animi
633 1565 833 1630 debibtatem
847 1573 904 1630 aut
919 1566 1132 1647 ignorantiam
1147 1567 1306 1631 errabant.

400 1651 428 1713 8.
447 1650 540 1713 <lucta
553 1653 609 1713 cui
619 1663 647 1712 ct
660 1650 795 1713 alibrum
810 1652 992 1730 1111111111,
1008 1671 1073 1733 qua
1087 1653 1226 1732 priorem
1241 1671 1332 1716 suam
1346 1653 1544 1734 perversita-

315 1743 380 1800 tem
403 1736 539 1816 ingenue
559 1733 735 1814 fatebatur,
761 1756 838 1800 suos
852 1757 928 1802 vero
943 1738 986 1800 ad
1001 1738 1187 1819 rebgionem
1203 1739 1409 1802 christianam
1423 1757 1544 1818 propa·

314 1822 453 1902 gandam
468 1831 635 1901 susceptos
650 1821 777 1886 labores
793 1823 914 1902 despici
929 1843 991 1887 non
1013 1823 1176 1903 permisit,
1199 1824 1361 1904 quamvis,
1381 1824 1544 1887 modestia

314 1907 440 1985 ductus,
455 1905 578 1971 fructus
594 1908 707 1972 horum
721 1907 866 1971 laborum
881 1928 945 1973 non
960 1910 1030 1988 sihi,
1047 1909 1104 1972 sel
1118 1909 1244 1990 gratiae
1256 1909 1316 1974 Dei
1331 1909 1543 1973 adscriberet.

316 1993 351 2056 ln
366 1992 574 2056 aestimandis
589 1992 660 2056 aliis
675 2011 778 2073 aeque
789 1993 912 2074 justus,
940 1995 1092 2075 quicquid
1108 1994 1181 2058 boni
1198 1994 1245 2058 eis
1264 1994 1384 2072 inerat,
1411 1995 1545 2074 agnovit
1604 1997 1609 2006 '

315 2078 529 2158 laudavitque.
573 2078 719 2159 Denique

400 2163 512 2226 111111
538 2166 639 2225 1111111
653 2164 825 2246 joculario,
852 2183 935 2244 quae
961 2165 1002 2229 ob
1026 2164 1188 2229 Christum
1214 2166 1347 2245 ejusque
1373 2165 1543 2229 ecclesiam

315 2248 402 2312 nulla
416 2248 566 2328 pericula,
582 2248 781 2313 calamitates
797 2259 830 2313 11
844 2268 1014 2315 111111111
1029 2250 1141 2328 nullas,
1157 2251 1220 2314 imo
1235 2269 1275 2314 ne
1289 2250 1395 2330 ipsum
1411 2251 1544 2330 quidem

316 2334 503 2414 martyrium
518 2332 713 2398 reformidat.
1503 2370 1509 2380 ·

869 2471 896 2552 q.
915 2473 986 2536 153.

631 2606 843 2670 chronologia
855 2607 944 2658 vitae
957 2607 1053 2659 Pauli
1065 2607 1221 2670 Apostoli.

407 2759 443 2824 ln
458 2760 583 2827 actibus
597 2761 825 2842 Apostolorum
841 2769 874 2826 et
894 2762 927 2825 in
947 2761 1091 2842 epistobs
1106 2761 1199 2825 Pauli
1219 2761 1359 2828 nonnulli
1374 2763 1542 2827 inveniun-

318 2855 372 2911 tur
386 2845 463 2926 loci,
490 2848 561 2928 qui,
588 2848 615 2910 si
632 2867 703 2912 cum
718 2847 853 2912 historia
867 2846 1001 2928 profana
1017 2853 1254 2928 comparantur,
1281 2848 1312 2911 in
1335 2847 1543 2928 chronologia

322 2933 406 2996 vitae
421 2931 513 2997 Pauli
528 2951 644 3014 magna
658 2952 730 2996 cum
744 2932 972 3014 probabilitate
988 2932 1229 2997 determinanda
1243 2951 1301 3014 nos
1311 2934 1434 3014 juvent.

405 3017 438 3098 1)
461 3019 577 3083 Saulus
592 3027 666 3098 post
680 3019 851 3082 triennium
866 3038 886 3082 a
901 3019 1105 3083 conversione
1119 3018 1162 3080 ad
1177 3017 1339 3082 Christum
1353 3019 1459 3098 prima
1472 3020 1543 3082 vice
1613 3077 1615 3081 ,

317 3102 405 3168 venit
419 3103 673 3184 Hierosolymam
689 3103 757 3167 coll.
774 3103 843 3168 Gal.
860 3105 895 3182 1,
913 3105 978 3182 18,
1000 3113 1033 3168 11
1053 3104 1181 3183 quidem
1196 3104 1369 3182 Damasco,
1395 3104 1452 3167 ubi
1471 3104 1542 3168 coll.

319 3189 359 3252 ΙΙ.
377 3187 447 3252 Cor.
465 3190 519 3266 11,
537 3190 592 3252 132.
608 3189 764 3252 cumbet.
780 3190 814 3268 9,
838 3190 955 3252 1114.
976 3189 1161 3253 auctoribus
1184 3188 1204 3252 J
1206 3189 1318 3252 udaeis
1336 3190 1543 3269 praepositus

317 3275 437 3338 Aretae
453 3275 538 3354 regis
554 3274 726 3338 custodivit
741 3282 852 3354 portas
869 3275 1021 3353 civitatiS,
1043 3281 1081 3337 ut
1096 3274 1226 3337 Saulum
1247 3273 1541 3354 comprehenderet,

318 3359 491 3440 Apostolus
513 3366 622 3424 autem
641 3380 699 3440 per
720 3359 893 3425 fenestram
912 3360 944 3422 in
967 3365 1078 3440 sporta
1097 3357 1248 3422 dimissus
1268 3366 1318 3423 est
1331 3378 1391 3441 per
1405 3378 1541 3438 murum,

318 3453 351 3508 11
374 3444 419 3508 sic
441 3463 553 3508 manus
573 3444 658 3508 illius
680 3445 799 3526 eliugit.
844 3445 967 3509 Deinde
987 3452 1062 3525 post
1080 3463 1180 3509 annos
1203 3447 1243 3506 14
1257 3445 1374 3508 iterum
1396 3445 1542 3509 ascendit

319 3530 571 3611 Hierosolymam
587 3549 657 3594 cum
668 3530 818 3594 Bamaba
833 3536 866 3594 11
876 3530 958 3608 Tito,
970 3537 1006 3593 11
1021 3549 1092 3594 cunr
1099 3529 1263 3610 Apostohs
1275 3529 1432 3595 conferret
1448 3548 1542 3594 evan-

318 3613 435 3694 gebum
458 3633 563 3694 suum,
591 3616 677 3696 quod
698 3615 897 3696 praedicavit
915 3616 1000 3680 inter
1021 3624 1133 3696 gentes
1156 3614 1361 3695 11116112,
1380 3620 1407 3678 1.
1422 3617 1452 3678 2.
1469 3633 1540 3678 cum

318 3701 387 3762 Act.
404 3701 453 3779 15,
471 3703 498 3763 1.
514 3719 601 3781 seqq.

403 3785 518 3847 Aretes
539 3785 605 3864 ille,
632 3785 773 3850 Arabum
794 3806 861 3866 rex,
889 3786 940 3850 vix
966 3785 1048 3850 alius
1075 3805 1146 3850 1111
1171 3786 1291 3865 potuit,
1316 3785 1378 3848 nisi
1401 3784 1540 3850 Herodis

319 3868 456 3948 Antipae
475 3888 581 3949 socer,
603 3872 658 3951 qui
678 3872 718 3935 ob
740 3871 838 3936 filiam
854 3872 1055 3952 repudiatam
1072 3879 1105 3934 11
1120 3870 1160 3934 ob
1175 3870 1249 3935 lites
1264 3871 1304 3934 de
1319 3871 1410 3951 regni
1424 3869 1539 3934 finibus

319 3959 407 4018 ortas
428 3953 546 4019 bellum
572 3974 643 4019 curn
665 3957 718 4020 illo
742 3957 857 4037 gessit,
884 3958 1018 4037 eJ'usque
1041 3956 1215 4020 exercitum
1234 3974 1335 4036 paene
1350 3955 1482 4033 delevit,
1509 3957 1540 4018 11

319 4039 546 4120 proculdubio
568 4040 629 4104 hac
650 4042 814 4106 occasione
837 4043 921 4105 circa
941 4060 1057 4105 annum
1080 4042 1130 4114 36.
1151 4059 1214 4104 aer.
1238 4040 1320 4122 vulg.
1337 4040 1538 4116 Damascum,

319 4143 402 4206 quae
417 4125 458 4188 ad
475 4127 688 4190 Romanorum
703 4127 856 4191 ditionem
871 4126 1069 4207 pertinebat,
1092 4144 1249 4206 occupare
1263 4145 1361 4189 ausus
1377 4131 1445 4204 est;
1466 4143 1537 4188 nam

319 4209 476 4290 Vitellius
493 4211 604 4291 Syriae
619 4230 758 4291 praeses,
774 4231 794 4276 a
809 4212 936 4276 Tiberio
951 4212 1137 4275 mandatum
1152 4211 1276 4291 accepit
1288 4212 1408 4274 Aretae
1422 4209 1537 4274 bellurn

320 4294 476 4360 inferendi
492 4315 628 4377 eumque
643 4298 710 4361 sive
724 4297 830 4361 vivum
846 4298 913 4361 sive
934 4303 1094 4362 mortuum
1111 4297 1243 4359 Romam
1262 4296 1418 4360 mittendi.
1455 4294 1536 4357 Dum

319 4388 427 4445 autem
442 4382 591 4446 Vitellius
611 4382 751 4463 legiones
775 4401 852 4446 1111
872 4387 983 4446 contra
997 4381 1167 4446 Petraeam
1189 4382 1336 4460 duceret,
1357 4378 1537 4459 Hierosoly·

320 4466 379 4529 mis
402 4468 547 4532 nuntium
566 4468 690 4548 accepit
712 4468 752 4531 de
775 4467 895 4532 Tiberii
916 4473 1018 4531 morte
1041 4466 1075 4548 (†
1099 4467 1147 4530 16,
1163 4465 1272 4530 Martii
1294 4486 1363 4530 ann.
1379 4467 1430 4528 37.
1445 4482 1537 4528 aerae

320 4549 432 4631 vulg),
460 4559 492 4616 et
513 4573 554 4633 po
572 4558 705 4618 estatem
723 4571 813 4617 suam
829 4553 1000 4616 extinctam
1016 4571 1087 4617 1111
1102 4557 1192 4616 11111
1207 4552 1323 4616 milites
1338 4551 1370 4614 in
1385 4551 1537 4614 stationes
