3428 5180
794 285 1077 350 *330-

413 455 530 520 Auctor
536 453 720 538 fragmenti
732 452 822 539 opud
834 455 952 520 Murci.
981 455 1002 521 J
1004 455 1115 521 oannis
1130 456 1337 538 apocalypsin
1349 456 1436 522 inter
1449 457 1546 538 scrip·

327 546 417 607 turae
432 540 599 608 canonicas
613 540 763 606 nominat.
788 574 832 584 -
855 539 916 606 llis
929 541 1161 606 adnumerandi
1182 547 1271 607 sunt:
1300 565 1325 605 ο.
1340 541 1501 622 littorias,
1522 565 1544 606 a

326 626 522 706 Ambrosius,
536 649 560 688 a.
574 625 796 710 Hieronymus,
810 625 945 710 Rufinus
960 633 993 691 et
1007 624 1070 690 alii.

345 751 353 766 ·
411 711 453 793 Β)
477 711 668 795 Aryumento
681 711 820 774 interna:

412 800 441 862 1.
470 798 591 861 Auctor
606 813 641 862 se
655 793 838 878 campester
852 796 1019 860 αοαίνιαοο
1034 794 1187 860 loannem
1201 797 1369 878 supponit,
1391 815 1426 862 se
1449 797 1547 862 eccle·

327 881 391 961 siis,
414 881 530 964 quibus
544 880 627 946 liber
640 879 820 945 destinatus
836 885 915 952 erat,
937 898 1009 946 esse
1024 880 1225 947 notissimum
1240 887 1273 948 et
1288 900 1359 948 cum
1373 881 1547 950 lectoribus

326 968 358 1032 in
373 967 510 1032 arctiore
524 984 607 1031 nexu
621 966 771 1046 positum,
788 967 874 1047 quod
889 965 1013 1032 nonnisi
1020 967 1041 1030 J
1043 966 1136 1032 oanni
1143 966 1299 1047 Apostolo
1314 968 1471 1048 convenit,
1487 987 1548 1032 non

326 1071 401 1118 vero
424 1051 478 1117 alii
501 1051 644 1132 ejusdem
665 1049 810 1130 nominis,
832 1070 861 1115 v.
877 1070 906 1132 g.
929 1050 1046 1116 loanni
1066 1051 1265 1133 presbytero,
1288 1053 1344 1134 qui
1365 1052 1548 1118 accuratius

326 1143 428 1204 semet
442 1137 612 1218 designare
627 1135 800 1215 debuisset,
816 1155 856 1201 ne
870 1135 1055 1217 impostoris
1069 1137 1248 1203 incurreret
1262 1137 1485 1218 suspicionem.
1599 1181 1601 1186 -
1697 1141 1698 1192 i

411 1223 440 1287 2.
470 1223 592 1288 Auctor
608 1224 637 1300 l,
653 1221 681 1285 9.
697 1239 785 1302 seqq.
801 1221 888 1301 dicit,
904 1239 948 1300 se,
969 1221 1159 1303 participem
1173 1223 1207 1287 in
1220 1221 1429 1288 tribulatione
1444 1229 1478 1288 et
1492 1241 1548 1304 pa-

275 1354 279 1364 .
325 1308 454 1387 tientia,
468 1306 576 1390 fuisse
596 1308 630 1368 ia
650 1306 757 1368 incola
771 1303 1037 1388 Poanopropter
1054 1307 1187 1373 verbum
1201 1307 1263 1373 Dei
1283 1315 1316 1374 et
1330 1308 1548 1375 testimonium

326 1394 347 1458 J
349 1411 407 1458 esu
421 1398 455 1458 et
468 1392 631 1472 accepisse
644 1390 764 1456 ibidem
778 1390 1012 1471 revelationem,
1029 1392 1115 1472 quod
1130 1393 1255 1458 nonnisi
1265 1393 1382 1459 loanni
1392 1392 1546 1474 Apostolo

327 1477 508 1560 respondet,
531 1480 644 1557 utpote
666 1476 721 1556 qui
743 1476 938 1542 testantibus
960 1477 1101 1558 antiquis
1123 1478 1157 1541 in
1178 1478 1315 1544 insulam
1334 1479 1485 1544 Palmum
1506 1478 1544 1543 ab

326 1563 521 1644 imperatore
536 1561 724 1626 Christianis
738 1561 864 1626 inimico
880 1565 951 1626 erat
965 1562 1136 1644 relegatus

412 1649 441 1713 3.
471 1648 508 1711 ln
523 1646 667 1728 epistolis
682 1651 806 1726 septem
821 1646 963 1712 ecclesiis
978 1647 1076 1712 Asiae
1089 1647 1221 1712 minoris
1241 1666 1266 1713 c.
1282 1648 1311 1712 2.
1328 1652 1361 1714 et
1376 1649 1405 1712 3.
1422 1648 1542 1714 dedica·

326 1733 369 1798 tis
384 1738 497 1798 auctor
510 1731 636 1797 nomine
652 1729 771 1796 Christi
785 1732 925 1813 quidem,
949 1732 1043 1798 simul
1056 1751 1132 1798 vero
1148 1733 1247 1800 etiam
1261 1751 1319 1799 suo
1333 1733 1473 1800 scribens
1487 1733 1538 1797 tali

326 1819 430 1884 utitur
444 1836 597 1896 sermone,
613 1822 650 1881 ul
665 1817 823 1896 ostendat,
838 1817 963 1902 a'bijas
977 1830 1143 1901 competere
1158 1819 1357 1903 inspiciendi,
1374 1817 1540 1902 scalpendi

326 1916 354 1966 er
367 1905 502 1967 amaras
516 1901 677 1987 arpiceadi.
706 1902 806 1982 Atqui
821 1903 977 1984 eiusmodi
987 1903 1042 1984 jus
1058 1902 1211 1969 ecclesiae
1217 1904 1315 1970 Asiae
1329 1904 1460 1969 minoris
1473 1922 1542 1985 pro-

327 1989 378 2054 cul
392 1989 490 2054 dubio
504 1987 620 2054 nemini
634 1987 824 2066 tribuerunt,
838 1987 900 2052 nisi
910 1986 1075 2068 Apostolo,
1092 1994 1125 2054 et
1138 1989 1263 2054 nonnisi
1277 1988 1461 2054 firmissima
1474 2006 1542 2069 per·

325 2075 443 2154 suasio,
462 2074 483 2138 J
485 2091 618 2138 oannem
631 2069 743 2152 Apost.
760 2090 830 2137 esse
845 2077 1017 2154 auctorem,
1038 2092 1092 2138 eas
1106 2075 1149 2138 ad
1163 2074 1279 2139 librum
1294 2075 1378 2140 hunc
1392 2074 1545 2158 recipien-

326 2161 403 2225 dum
417 2176 605 2241 permovere
618 2157 732 2238 potuit.
769 2193 772 2200 .
964 2231 967 2237 ¹

410 2247 440 2308 4.
468 2243 678 2324 Apocalypsis
692 2242 817 2307 nonnisi
825 2255 944 2305 ναονταο
955 2242 1170 2329 Jocnnefinye'
1181 2257 1237 2308 aut
1251 2243 1415 2330 diuulyom'
1425 2245 1547 2326 potuis·

327 2336 389 2410 set3
412 2336 464 2394 ast
482 2329 542 2393 hoc
562 2328 596 2392 in
612 2345 693 2392 casu
714 2325 811 2393 fidem
831 2345 894 2392 non
914 2327 1089 2394 invenisset
1109 2328 1141 2393 in
1160 2329 1239 2410 ipsis
1255 2328 1406 2409 ecclesiis,
1430 2330 1561 2411 quibus'

326 2417 467 2481 loannes
481 2414 592 2494 Apost.
608 2411 792 2492 praefuerat
814 2419 847 2476 et
866 2412 983 2493 quibus
1005 2413 1206 2478 notissimum
1228 2433 1299 2480 esse
1320 2415 1442 2495 debuit,
1467 2429 1549 2496 qnae

325 2501 446 2581 scripta
459 2496 634 2579 Apostolus
655 2497 706 2562 hic
726 2497 901 2579 reliquerit,
924 2504 957 2563 et
979 2516 1062 2579 quae
1083 2497 1160 2564 ficta
1179 2500 1305 2565 nomine
1320 2501 1389 2582 ejus
1404 2500 1551 2583 divulga-

324 2590 397 2651 rent
439 2635 445 2649 .

410 2671 440 2734 5.
471 2667 623 2746 Quamvis
647 2665 742 2730 dictio
764 2681 791 2730 er
811 2668 911 2750 septus
932 2687 995 2733 non
1016 2675 1053 2733 ut
1074 2669 1107 2733 in
1129 2669 1293 2748 evangelio
1309 2676 1342 2735 et
1354 2670 1389 2735 in
1403 2671 1549 2752 epistolis

327 2756 348 2821 J
350 2755 460 2821 oannis
474 2755 517 2819 ad
527 2754 633 2835 justas
647 2752 775 2834 huguae
789 2753 877 2834 loges
892 2752 1108 2820 conformatus
1123 2754 1174 2833 sit,
1195 2755 1282 2835 quod
1297 2755 1404 2837 operis
1419 2757 1549 2822 charac-

325 2841 389 2907 teri
403 2840 497 2922 plane
512 2839 638 2905 diverso
653 2837 838 2920 formaeque
847 2839 1056 2920 propheticae
1066 2839 1312 2905 adscribendum
1323 2846 1387 2906 est:
1394 2842 1548 2925 frequen·

326 2941 372 2990 ter
385 2940 489 2990 tamea
503 2937 672 2992 occurrunt
686 2945 782 2995 necea,
795 2925 926 3008 phrases
941 2937 969 2988 et
983 2924 1075 2988 ideae
1089 2924 1363 3009 JouaniApootolo
1378 2926 1551 2989 adamatae

326 3024 354 3075 et
364 3011 553 3095 peculiares,
566 3015 604 3073 ut
617 3007 780 3160 μαρτυρία
795 3013 829 3074 et
842 3015 1015 3093 μαρτυρεῖν
1031 3011 1059 3090 1,
1068 3011 1097 3074 2.
1106 3011 1135 3074 9.
1151 3009 1181 3090 6,
1190 3010 1219 3073 9.
1235 3009 1285 3090 el,
1300 3015 1389 3099 νικᾷν
1398 3017 1551 3092 respectu

241 3135 243 3142 ·
327 3097 441 3176 ethice,
462 3100 569 3184 τηρεῖν
589 3094 649 3172 τὰς
686 3093 801 3172 ννολάς
819 3096 926 3161 -τὸν
945 3093 1095 3179 λόγον-
1109 3095 1187 3173 τούς
1205 3095 1322 3180 λόγους
1338 3099 1388 3176 12,
1405 3097 1454 3161 17.
1480 3096 1510 3176 3,
1524 3097 1552 3160 8.

326 3182 378 3261 22,
394 3181 412 3244 7
416 3232 422 3245 .
438 3179 495 3258 al,
518 3179 554 3246 ἐκ
566 3182 623 3267 τῆς
637 3173 725 3263 ὥρας
738 3181 797 3246 τοῦ
813 3183 999 3265 πειρασμοῦ
1013 3180 1043 3258 3,
1059 3180 1126 3259 10.,
1148 3181 1263 3247 δοῦναι
1281 3177 1329 3260 εἰς
1342 3182 1402 3260 τὰς
1415 3179 1554 3268 καρδίας

328 3265 378 3346 17,
397 3266 459 3344 17.,
484 3264 566 3362 ζωῆς
580 3267 683 3351 πηγαὶ
699 3263 840 3346 ὑδάτων,
863 3265 1015 3348 ποταμὸς
1028 3259 1149 3342 ὕδατος
1163 3263 1247 3354 ζωῆς
1262 3265 1291 3345 7,
1308 3266 1357 3330 17.
1380 3267 1432 3345 21,
1448 3267 1478 3334 6.
1500 3266 1552 3344 22,

329 3354 370 3430 1.;
386 3351 564 3431 designabo
574 3348 693 3414 Christi
707 3367 766 3429 per
780 3347 874 3432 loyor
887 3351 945 3415 roi
960 3352 1046 3415 θεοῦ
1061 3353 1094 3414 et
1108 3345 1217 3432 ἀρνίον
1230 3349 1260 3429 5,
1276 3351 1305 3414 6.
1321 3350 1364 3430 8.;
1378 3351 1442 3417 huc
1454 3351 1551 3418 etiam

326 3437 467 3518 pertinet
479 3433 629 3516 frequens
644 3433 800 3499 transitus
815 3434 857 3497 ad
872 3433 1040 3514 sequentia
1053 3453 1113 3516 per
1125 3432 1295 3500 formulam
1308 3437 1391 3520 μετὰ
1404 3437 1551 3515 caerae,

329 3523 356 3586 1.
381 3522 409 3600 7,
427 3522 454 3584 1.
471 3521 499 3584 9.
516 3520 570 3597 al.;
600 3519 778 3585 sententiae
797 3519 936 3599 positive
956 3525 989 3584 et
1008 3519 1156 3600 negative
1172 3539 1342 3600 expressae
1356 3522 1387 3601 2,
1404 3523 1452 3586 13.
1476 3523 1505 3600 3,
1522 3521 1550 3586 8.

330 3607 392 3683 17.;
408 3606 583 3670 antitheses
595 3612 628 3669 et
638 3603 846 3686 parallehsmi
856 3605 1071 3669 membrorum
1087 3605 1116 3684 2,
1131 3605 1161 3668 2.
1177 3605 1206 3668 6,
1219 3606 1247 3669 8.
1264 3607 1293 3685 9,
1309 3607 1360 3670 21.
1376 3611 1411 3671 et
1425 3607 1549 3671 similia.

415 3689 453 3771 C)
475 3689 650 3755 Authentia
665 3691 776 3770 itaque
787 3695 820 3754 et
832 3690 982 3754 canonica
994 3690 1170 3755 auctoritas
1182 3691 1410 3773 apocalypseos
1421 3698 1550 3758 nostrae

328 3793 387 3857 per
401 3775 583 3839 testimonia
599 3781 632 3840 et
646 3774 775 3840 criterie
788 3775 913 3839 interna
927 3775 1009 3839 adeo
1025 3782 1114 3840 certa
1128 3775 1287 3856 redditur,
1309 3788 1345 3840 at
1358 3778 1549 3860 orpamartic

330 3861 481 3945 opposita
496 3859 689 3942 labefactari
701 3858 789 3922 bared
799 3863 907 3942 possit.
936 3860 1055 3925 Dicunt
1069 3866 1178 3926 autem
1192 3861 1382 3926 adversarii:
1437 3865 1445 3886 ·

418 3950 443 4008 l⁴
466 3944 676 4025 Apocalypsis
690 3945 722 4009 in
732 3943 891 4010 Oanonem
900 3945 1051 4026 Syrorum
1066 3945 1244 4026 antiquitus
1255 3965 1317 4012 non
1329 3954 1399 4011 erat
1411 3955 1547 4027 recepte,

329 4040 366 4096 ut
377 4029 483 4096 versio
499 4029 647 4094 Peschito
663 4031 764 4094 docet.

414 4116 443 4179 2.
466 4115 560 4197 Alogi
577 4134 646 4180 eam
662 4115 841 4196 reJecerunt
856 4126 888 4179 et
903 4120 1126 4196 argumentum
1141 4115 1210 4197 ejus
1224 4116 1459 4198 impugnarunt.

414 4201 442 4264 3.
473 4200 607 4265 Saeculo
629 4201 686 4265 ΙΙΙ.
708 4199 792 4265 inter
813 4200 1003 4280 praecipuos
1031 4199 1183 4266 ecclesiae
1205 4201 1353 4266 doctores
1375 4200 1548 4286 Dionysius

329 4284 434 4365 Alea,
449 4285 596 4368 origenis
611 4284 796 4366 discipulus,
812 4302 892 4365 opus
906 4285 967 4350 hoc
982 4302 1044 4349 non
1052 4285 1074 4349 J
1075 4286 1169 4350 oanni
1182 4285 1347 4367 Apostolo,
1363 4286 1421 4351 sed
1428 4286 1550 4349 Joanai
1605 4363 1607 4370 Ι

322 4370 501 4454 presbytero
517 4370 676 4455 prazbo
691 4370 871 4449 adscripsit.

413 4455 443 4519 4.
473 4453 626 4519 Eusebeia
640 4457 724 4520 hunc
738 4454 856 4519 librum
870 4454 989 4536 partim
1003 4451 1021 4522 ὁ
1048 4455 1282 4542 ολονοομὲνοις,
1302 4455 1420 4536 partim
1435 4455 1547 4533 νόθοις

330 4542 543 4606 adnumerans
558 4540 674 4604 dubius
689 4538 807 4617 haesit,
832 4538 973 4624 Cyrr‘llua
1022 4540 1109 4604 ieros.
1126 4559 1199 4607 eum
1212 4540 1245 4605 in
1261 4540 1389 4607 Oenone
1408 4558 1466 4606 suo
1482 4540 1546 4619 (ca-
