3356 5176
628 264 891 328 .-39.„

233 430 323 558 ι).81.
348 431 552 517 Epiphanius
579 434 675 514 (saec.
699 435 768 515 IV.)
794 454 902 527 omnes
929 441 1055 500 nostros
1081 436 1180 500 hbros
1206 437 1372 502 canonicos

149 521 331 682 agnffilt's.
352 601 564 686 Hieronymus
589 604 691 668 solum
715 605 882 686 epistolam
910 606 952 669 ad
974 605 1140 671 Hebraeos
1168 627 1187 672 a
1212 606 1373 688 plerisque

150 683 365 769 (Latinorum)
380 707 442 752 non
457 689 587 770 agnosci
602 689 776 755 observate
1037 701 1039 708 ·
1136 725 1138 731 ι

230 772 267 856 9)
290 771 490 853 Pho'laerrr'ue,
513 773 688 839 Brixiensis
711 775 879 857 episcopus
902 774 936 856 ί)
951 776 1047 857 387),
1069 776 1192 841 haeres.
1216 776 1266 840 88.
1288 777 1372 841 inter

149 855 246 920 hbros
262 858 294 921 in
311 858 444 923 ecclesia
458 858 585 939 publice
600 860 751 942 legendos
772 860 872 925 solam
892 861 1096 942 apocalypsin
1111 862 1243 927 loannis
1260 867 1292 926 et
1307 862 1374 942 epi-

149 941 263 1006 stolam
279 944 321 1008 ad
336 943 502 1008 Hebraeos
517 963 578 1008 non
595 950 844 1010 commemorat.³

232 1027 266 1109 l)
290 1029 432 1112 Ευβιιυι,
454 1030 623 1110 presbyter
637 1031 850 1112 Aquileiensis
866 1031 900 1112 (†
915 1032 1011 1113 410),
1031 1032 1063 1096 in
1079 1033 1274 1112 expositione
1290 1052 1373 1114 sym·

151 1112 213 1178 boli
228 1113 448 1194 apostolorum
463 1133 614 1179 canonem
631 1117 783 1182 ecclesiae
799 1116 1003 1181 occidentalis
1018 1118 1110 1197 plene
1126 1118 1289 1183 delineat.4

233 1199 377 1264 Eandem
393 1198 489 1264 fidem
504 1206 725 1265 contestantur

233 1285 262 1348 2.
290 1283 434 1346 Concilio
449 1304 530 1350 saec.
547 1287 600 1350 IV.
618 1287 788 1352 celebrata.
820 1287 872 1352 Sic

233 1371 267 1452 a)
293 1369 386 1434 Cone.
403 1369 598 1433 Laodz'eeoee
614 1371 677 1452 (an.
694 1373 781 1456 364.)
798 1392 865 1437 ean.
881 1372 931 1436 59.
949 1378 981 1437 et
996 1373 1046 1436 60.
1063 1372 1187 1452 statuit,
1202 1393 1265 1437 non
1281 1391 1373 1453 opor-

151 1464 217 1522 tere
231 1457 264 1520 iu
281 1455 415 1520 ecclesia
430 1456 493 1533 legi
508 1456 648 1537 psalmos
663 1459 818 1539 privatos,
842 1477 900 1522 nec
920 1458 1019 1522 libros
1034 1477 1096 1522 non
1113 1459 1293 1538 canonicos,
1317 1459 1374 1522 sed

151 1543 249 1607 solum
266 1541 434 1605 canonicos
450 1542 486 1605 V.
505 1547 537 1606 et
552 1541 590 1604 N.
607 1542 641 1606 T.
686 1545 774 1608 Inter
789 1544 847 1608 hos
862 1549 984 1622 autem,
1008 1543 1091 1608 sicut
1107 1562 1206 1608 canon
1222 1543 1272 1608 85.
1287 1543 1374 1625 Apo-

152 1628 318 1705 stolorum,
342 1645 450 1690 omnes
471 1627 569 1691 libros
592 1634 750 1708 recenset,
774 1647 855 1709 quos
874 1649 932 1694 nos
949 1629 1114 1694 canonicos
1129 1629 1298 1708 habemus,
1322 1648 1374 1694 ex-

155 1721 242 1794 cepta
257 1712 467 1795 apocalypsi,⁵
482 1712 523 1777 de
535 1730 598 1792 qua
611 1714 744 1778 ecclesia
755 1733 871 1796 graeca
883 1715 1032 1798 dubitare
1043 1716 1260 1796 perseveravit
1272 1733 1374 1795 usque

155 1799 189 1862 ad
203 1799 362 1862 loannem
377 1796 611 1862 Damascenum
628 1798 661 1885 (i
679 1799 773 1881 754),
797 1800 851 1880 qui
867 1805 900 1864 ct
921 1801 1024 1880 ipsam
1039 1800 1177 1880 agnovit,
1201 1806 1233 1864 et
1248 1819 1267 1862 a
1283 1800 1373 1880 cujus

153 1893 291 1965 tempore
307 1882 408 1946 omnis
424 1882 463 1946 lis
479 1884 615 1947 evanuit.
1224 1898 1234 1918 ·

354 2081 412 2150 Τάν
424 2082 603 2155 ἀποκάλυψιν
616 2082 667 2152 τὴν
678 2081 811 2139 Ἰωάννου
825 2082 909 2143 πάλιν

353 2154 435 2213 Τινὲς
445 2153 499 2224 μὲν
512 2155 698 2223 έγκρίνουσιν,
713 2157 741 2205 οἱ
754 2156 867 2212 πλείους
880 2154 913 2206 δέ
923 2175 954 2224 γε

351 2216 452 2275 Νόθον
465 2225 602 2290 λέγουσιν.
631 2209 719 2280 Οὗτος
731 2221 942 2291 ἀψευδέστατος

272 2331 274 2336 .
352 2285 452 2342 Κανών
465 2285 499 2342 ἀν
512 2295 553 2373 etp
567 2291 623 2342 τῶν
635 2291 836 2343 ιλεοπνευστῶν
849 2291 973 2361 γραφῶν.

214 2364 223 2392 1
236 2357 350 2409 Haeres.
360 2361 423 2408 tom.
433 2357 454 2408 Ι.
475 2361 511 2410 Εἰ
521 2378 574 2426 γαρ
589 2354 618 2423 ἧς
631 2358 661 2416 ἐξ
671 2355 752 2425 ἁγίου
765 2355 926 2427 πνεύματος
936 2361 1146 2431 γεγεννημένος,
1158 2363 1203 2411 καὶ
1215 2355 1374 2428 προφήταις

148 2431 190 2478 καλ
208 2423 386 2485 ἀποστόλοις
403 2430 634 2497 μεμαθεομίνος,
658 2425 717 2478 ἔθει
731 2441 762 2479 σε
782 2424 933 2479 διελθόντα
951 2424 997 2478 ἀπ’
1017 2425 1102 2497 ἀρχῆς
1113 2431 1248 2495 γενέσεως
1265 2425 1375 2497 κόσμου

148 2491 207 2565 ἀχρι
232 2496 291 2548 τῶν
314 2494 363 2558 τῆς
375 2491 490 2564 Aledio
507 2491 631 2562 χρόνων,
653 2495 683 2546 έν
704 2500 794 2547 εἴκοσι
811 2497 856 2546 καὶ
874 2491 945 2549 ἑπτὰ
962 2496 1079 2562 βιβλίοις
1095 2499 1212 2554 πυλαίας
1231 2492 1372 2561 διαθήκης,

147 2569 233 2616 εἴκοσι
248 2560 302 2615 δύο
316 2560 540 2633 ἀριθμουμένοις
552 2561 596 2626 (ab
609 2559 766 2629 Hebraeis),
790 2566 902 2633 τέτρασι
921 2563 952 2616 δὲ
970 2559 1062 2633 ἁγίοις
1080 2561 1260 2633 εὐαγγελίοις,
1283 2566 1327 2615 καὶ
1345 2565 1375 2616 ἐν

147 2629 304 2700 (τέτρασιλ)
319 2634 452 2699 τέσσαρες
463 2635 508 2683 καὶ
526 2631 591 2684 δέκα
610 2631 773 2690 ἐπιστολαῖς
791 2633 842 2683 τοῦ
860 2629 941 2700 ἀγίου
957 2629 1120 2684 ἀποστόλου
1132 2629 1261 2695 Παύλου,
1283 2635 1328 2683 καὶ
1344 2631 1373 2684 ἓν

147 2706 204 2759 ταῖς
218 2695 297 2769 παρά
312 2694 476 2751 τούτωνκαὶ
490 2695 541 2752 οάν
555 2705 613 2757 ταῖς
626 2699 656 2750 έν
670 2704 728 2757 τοῖς
739 2697 831 2752 αὐτῶν
840 2698 968 2767 χρόνοις,
992 2698 1106 2764 πράξεσι
1127 2703 1183 2753 τῶν
1196 2696 1372 2759 ἀποστόλων,

147 2771 315 2825 καθολικαῖς
324 2767 486 2826 ἐπιστολαῖς
494 2765 623 2833 Ἰακώβου
635 2769 680 2818 καὶ
690 2771 802 2836 Πέτρου
814 2773 858 2820 καὶ
869 2763 999 2821 ’ίωάννου
1010 2771 1055 2819 καὶ
1066 2763 1165 2828 Ἰούδα,
1178 2771 1223 2820 καὶ
1235 2768 1265 2820 ἐν
1279 2768 1312 2840 τῇ
1325 2767 1376 2820 τοῦ

144 2832 277 2890 Ἰωάννου
290 2831 472 2903 ἀποκαλύψει.

213 2907 225 2936 ²
242 2902 276 2954 In
292 2900 401 2969 prologo
418 2901 524 2968 galeato
542 2904 569 2954 et
586 2901 614 2952 in
631 2897 745 2967 epistola
761 2898 795 2951 ad
808 2900 961 2952 Paulinum:
983 2901 1103 2968 Tangam
1120 2906 1147 2952 et
1166 2916 1261 2952 novum
1279 2899 1373 2953 leviter

143 2975 345 3023 testamentum.
375 2969 537 3034 Matthaeus,
556 2968 672 3032 Marcus,
693 2967 782 3020 Lucas
795 2973 822 3020 et
833 2968 958 3032 Joannes,
977 2968 1106 3036 quadriga
1117 2968 1223 3020 Domini
1242 2974 1269 3020 et
1280 2983 1372 3020 verum

144 3037 293 3092 cherubim.
368 3037 468 3090 Paulus
485 3036 630 3103 Apostolus
647 3034 680 3088 ad
699 3041 802 3101 septem
819 3035 945 3089 ecclesias
964 3036 1056 3089 scribit
1069 3041 1173 3102 (octava
1190 3035 1259 3088 enim
1272 3035 1306 3088 ad
1318 3036 1372 3088 He-

141 3107 237 3160 braeos
252 3121 270 3158 a
281 3104 415 3172 plerisque
430 3111 507 3158 extra
519 3120 659 3158 numerum
672 3103 799 3171 ponitur).
825 3105 995 3225 Timqtheum
1007 3104 1115 3156 instruit
1127 3119 1158 3157 ac
1171 3105 1270 3167 Titum,
1282 3103 1371 3156 Phile-

142 3189 249 3228 monem
268 3189 317 3252 pro
335 3172 446 3240 fugitivo
464 3172 565 3227 famulo
583 3172 751 3240 deprecatur.
765 3204 797 3212 -
810 3175 895 3226 —Ac
909 3189 940 3226 us
957 3172 1137 3240 apostolorum
1155 3173 1253 3225 nudam
1267 3170 1372 3240 quidem

143 3257 241 3296 sonare
255 3241 381 3294 videntur
392 3241 544 3306 historiam,
567 3247 593 3294 et
605 3241 740 3294 nascentis
753 3240 883 3295 ecclesiae
894 3240 1034 3294 infantiam
1046 3247 1150 3307 texere,
1173 3241 1219 3294 sed
1233 3241 1256 3293 si
1271 3240 1373 3293 noveri-

142 3327 199 3365 mus
218 3309 379 3378 scriptorem
391 3324 482 3362 eorum
494 3310 596 3363 Lucam
609 3324 668 3362 esse
680 3309 821 3374 medicum,
839 3309 916 3376 cujus
929 3309 989 3362 laus
1002 3315 1044 3362 est
1054 3309 1083 3361 in
1094 3309 1237 3378 evangeh0,
1255 3306 1373 3361 animod-

144 3387 281 3433 vertemus
294 3378 409 3445 pariter,
428 3378 517 3430 omnia
528 3379 610 3430 verba
621 3377 693 3430 illius
706 3377 810 3430 animae
822 3377 974 3445 languentis
986 3393 1046 3431 esse
1058 3377 1224 3430 medicinam.
1249 3376 1373 3440 Jacohus,

142 3448 253 3512 Petrus,
274 3447 403 3510 Joannes‚
421 3445 506 3499 Judas
519 3445 641 3513 Apostoli
659 3451 761 3512 septem
774 3446 901 3514 epistolas
915 3446 1055 3499 ediderunt
1067 3451 1122 3499 tam
1134 3446 1273 3515 mysticas,
1295 3459 1373 3512 quam

144 3517 297 3570 succinctas
316 3521 344 3568 et
354 3515 448 3568 breves
460 3514 562 3582 pariter
574 3520 601 3568 et
612 3514 718 3582 longas;
740 3514 833 3567 breves
851 3514 879 3567 in
895 3515 995 3580 verbis,
1015 3515 1108 3592 longas
1123 3514 1152 3567 in
1169 3513 1322 3578 sententiis,
1344 3519 1374 3565 ut

143 3600 218 3638 mnus
238 3584 289 3648 sit,
311 3582 355 3651 qui
374 3598 426 3634 non
443 3582 472 3636 in
496 3597 588 3636 earum
604 3582 717 3635 lectione
735 3583 874 3636 caecutiat.
910 3582 1086 3651 Apocalypsm
1104 3582 1215 3635 Joannis
1233 3587 1273 3634 tot
1293 3581 1374 3635 habet

145 3658 326 3732 sacramenta,
349 3656 412 3729 quot
430 3651 518 3730 rerba.
548 3651 654 3730 ¹Parum
670 3649 725 3702 dixi
743 3666 791 3729 pro
808 3651 904 3729 merito
920 3651 1073 3718 voluminis;
1095 3650 1154 3704 laus
1167 3650 1252 3704 omnis
1265 3649 1374 3703 inferior

145 3727 194 3788 λλ
207 3717 988 3854 12¹¹sstltssdtallsltt{lassataslasatas‚
1006 3786 1375 3854 ιιιιιιιιιιιιιιιιιιιιι

146 3856 242 3911 debere
256 3856 402 3928 catholica,
426 3855 477 3908 nisi
489 3856 575 3923 legem
588 3861 615 3908 et
627 3853 784 3922 prophetas,
806 3862 832 3909 et
850 3854 989 3922 evangelia
1007 3861 1033 3907 et
1045 3860 1121 3908 actus
1134 3855 1326 3923 apostolorum,
1348 3861 1374 3907 et

147 3924 221 3978 Pauli
234 3925 365 3978 tredecim
379 3924 506 3992 epistolas
519 3930 547 3976 et
559 3929 662 3990 septem
674 3922 754 3976 alias:
776 3923 849 3977 Petri
862 3923 936 3988 duas,
956 3923 1067 3977 Joannis
1080 3929 1144 3988 tres,
1157 3924 1243 3976 Judae
1256 3939 1335 3975 unam
1348 3929 1375 3975 et

147 4009 224 4046 unam
231 3993 250 4047 J
251 3994 340 4060 acobi3
352 3993 421 4044 hanc
432 3992 538 4059 quidem
548 4007 564 4044 a
574 3990 708 4044 nonnullis
721 4007 773 4045 non
783 3992 875 4045 haberi
887 3992 1037 4060 genuinam,
1050 3992 1083 4045 ab
1096 3991 1211 4046 ecclesia
1222 4007 1284 4045 vero
1294 3991 1374 4044 inter-

148 4061 206 4114 dum
220 4061 257 4114 ad
269 4061 411 4114 lectionem
423 4061 535 4124 admitti,
548 4061 651 4113 haeres.
664 4060 705 4112 89.
719 4060 850 4114 observat.

211 4133 223 4163 ⁴
242 4129 308 4197 Cap.
321 4130 376 4183 37.:
400 4129 467 4183 Nori
480 4143 542 4181 vero
554 4126 708 4182 testamenti
720 4134 834 4195 quatuor
846 4142 911 4180 evan
931 4128 994 4180 elia:
1020 4128 1158 4188 Matthaei,
1171 4127 1265 4191 Marci,
1277 4127 1374 4190 Lucae,

148 4195 270 4262 loannis3
283 4203 360 4251 actus
370 4196 568 4264 Apostolorum,
599 4211 646 4249 uos
656 4195 798 4264 descripsit
804 4197 906 4260 Lucas3
941 4197 1097 4264 auliApost.
1111 4196 1237 4264 epistolas
1250 4200 1375 4262 quatuor-

149 4263 245 4333 decim3
259 4266 332 4319 Petri
339 4268 432 4332 Apost.
446 4264 574 4332 epistolas
581 4214 665 4330 (ἀοοος
679 4263 697 4316 J
698 4265 781 4330 scobi,
793 4264 885 4318 fratris
897 4263 1003 4318 Domini
1016 4270 1043 4317 et
1049 4264 1170 4331 Apostoli
1183 4278 1275 4329 unam3
1288 4262 1375 4316 Judae

150 4347 242 4400 unam,
263 4333 374 4388 ,Ioannis
388 4340 451 4398 tres,
473 4334 647 4413 apocalypsin
658 4331 778 4386 loannis.
803 4334 877 4386 Haec
891 4339 961 4398 sunt,
983 4347 1049 4400 quae
1062 4338 1152 4401 patres
1164 4332 1235 4384 intra
1247 4347 1374 4385 canonem

151 4402 344 4467 concluserunt,
358 4418 391 4455 ex
403 4401 499 4470 quibus
512 4399 575 4454 fider
587 4407 695 4455 nostrae
707 4401 869 4456 assertiones
882 4407 1004 4455 constare
1016 4400 1164 4453 voluerunt.

215 4475 226 4505 ⁵
240 4469 298 4528 Ὅτι
315 4471 348 4526 οὐ
361 4473 407 4525 δεῖ
417 4469 577 4531 ἰδιωτικοὺς
591 4467 722 4545 ψαλμοὺς
734 4473 867 4543 λέγεσθαι
879 4473 910 4524 ἐν
922 4475 955 4544 τῇ
968 4473 1104 4554 ἐκκλησία,
1123 4468 1189 4523 οὐδὲ
1205 4466 1375 4523 ἀκανόνιστα

152 4543 251 4605 βιβλία,
274 4538 341 4595 ἀλλά
357 4537 432 4610 μόνα
452 4537 486 4592 rb
501 4538 632 4595 κανονικά
650 4540 697 4606 τῆς
708 4540 804 4608 καινῆς
815 4545 859 4594 καλ
873 4543 990 4599 παλαίιις
1002 4539 1142 4606 διαθηκης.
1229 4536 1269 4592 Τά
1282 4537 1312 4590 ἀὲ
1326 4538 1373 4604 τῆς
