3314 5166
561 339 846 403 -107—

102 511 126 576 J.
142 511 169 574 S.
185 509 301 590 Vater,
325 511 496 574 Tittmann.
540 510 647 574 Partis
668 510 790 590 primae
814 509 984 574 editionem
1009 506 1256 574 emendatiorem
1282 508 1315 568 et
1431 505 1434 511 '

101 601 218 660 auctam
233 596 359 660 curavit
374 596 479 660 David
495 595 609 660 Schulz
624 595 765 660 Berolini
782 595 872 658 1827.

175 681 204 746 5.
232 682 387 764 Magnum
402 686 607 764 augmentum
623 681 792 762 apparatui
807 680 917 745 critico
932 684 1081 760 paratum
1097 682 1146 743 est
1157 695 1216 758 per
1227 676 1257 740 J.
1269 675 1313 737 M.

100 767 303 853 deportabam
321 765 441 846 Schola,
463 765 677 848 professorem
697 767 908 845 Bonnensem,
933 765 988 846 qui
1003 763 1162 844 susceptis
1178 766 1316 842 quatuor

99 853 180 916 annis
195 872 254 934 per
272 852 418 933 Galliam,
433 852 630 932 Helvetiam,
646 851 784 932 Itaham,
801 851 1015 916 Palaestinam
1031 855 1064 914 et
1078 847 1198 914 insulas
1214 845 1316 910 archi-

99 939 196 1020 pelagi
206 939 378 1004 itineribus
389 938 490 1003 multa
501 943 608 1003 textus
618 935 1182 1018 monumentaperlustravitnondum
1191 931 1316 1010 collata,
1384 987 1387 998 .

100 1029 127 1088 et
147 1029 269 1088 tentum
293 1043 386 1089 suum
411 1043 482 1088 cum
501 1028 661 1104 apparatu
684 1023 794 1087 critico
803 1023 911 1090 ,edidit
926 1023 957 1086 in
973 1022 993 1084 2
1008 1020 1079 1085 voll.
1095 1021 1128 1084 in
1142 1019 1171 1082 4.
1187 1017 1316 1098 Lipsiae

101 1109 183 1172 1830.
205 1114 238 1173 et
261 1110 354 1174 1836.
399 1111 435 1174 ln
456 1115 547 1174 textu
570 1109 766 1174 emendando
789 1127 867 1172 usus
889 1114 938 1173 est
964 1107 1113 1171 methodo
1138 1104 1184 1168 illi
1208 1102 1316 1166 Gries-

98 1195 194 1258 bachii
205 1195 303 1275 plane
315 1195 490 1273 contraria3
503 1213 576 1258 nam
584 1192 943 1259 monumentisfamiliae
952 1189 1317 1270 Constantinopolitano·

98 1280 253 1344 orientalis
275 1280 482 1361 genuinitatis
504 1281 763 1361 praerogativam
788 1279 990 1344 tribuendam
1014 1295 1084 1343 esse
1104 1275 1219 1340 statuit
1238 1291 1317 1354 prae

97 1365 153 1429 illis
167 1363 310 1430 famihae
325 1365 760 1448 Aegyptiace-occidentalis,
777 1365 853 1446 quia
867 1365 986 1446 partim
999 1363 1055 1428 illa
1069 1361 1171 1442 magis
1188 1377 1318 1425 eonsen—
1362 1421 1364 1424 .

98 1451 187 1530 tiant,
214 1470 314 1532 quam
329 1452 417 1532 haec,
436 1452 554 1532 partim
572 1452 604 1516 in
621 1451 767 1530 Oriente,
783 1451 955 1533 praecipue
973 1451 1006 1515 in
1022 1448 1158 1513 Graecia
1179 1451 1211 1511 et
1227 1443 1319 1526 Syria

97 1536 255 1617 vigilantia
279 1537 433 1602 ecclesiae
455 1537 635 1602 antistitum
659 1542 767 1602 textus
788 1537 900 1618 purior
922 1541 1007 1601 esset
1033 1539 1195 1611 servatuS,
1222 1549 1318 1611 quam

97 1621 318 1702 Alexandriae,
341 1623 397 1687 ubi
418 1623 620 1694 librariorum
636 1623 791 1688 audaciae
807 1641 915 1688 omnes
930 1621 1073 1686 habenae
1087 1617 1223 1683 fuissent
1237 1615 1319 1680 rela-

97 1711 191 1772 xatae.
225 1708 351 1773 Eodem
372 1709 475 1790 gradu
494 1709 604 1789 itaque
619 1708 755 1773 Scholzii
777 1713 885 1773 textus
906 1708 947 1771 ad
961 1706 1050 1770 illum
1066 1702 1221 1769 Friderici
1236 1702 1319 1766 Mat-

98 1792 176 1856 thaei
204 1794 340 1874 propius
373 1794 512 1873 accedit,
546 1813 608 1874 quo
635 1793 675 1858 ab
702 1812 739 1858 eo
768 1793 967 1858 Griesbachii
1005 1790 1149 1855 discedit.
1193 1788 1253 1850 Ast
1279 1787 1319 1851 de

98 1877 201 1958 majori
217 1885 328 1943 textus
343 1880 562 1958 Alexandrini,
585 1880 612 1943 si
627 1879 804 1960 generatim
820 1883 999 1958 spectetur,
1016 1876 1158 1956 puritate
1173 1871 1319 1938 omnibus

97 1963 201 2042 peritis
221 1965 292 2046 Jam
314 1965 394 2030 adeo
417 1983 607 2045 persuasum
631 1970 713 2044 erat,
735 1969 772 2027 ut
793 1964 906 2028 Schola
927 1961 995 2027 iere
1016 1961 1132 2025 nullius
1153 1976 1320 2024 assensum

98 2047 151 2112 sibi
171 2050 373 2129 conciliaret,
401 2059 433 2115 et
452 2055 490 2114 ut
512 2051 545 2114 in
568 2050 707 2115 editione
728 2050 796 2130 eJ'us
819 2069 881 2114 non
896 2049 1083 2113 laudaretur
1097 2045 1159 2110 nisi
1174 2042 1319 2110 veritatis

97 2152 194 2214 anor,
218 2155 285 2216 quo
306 2137 421 2201 ductus
437 2141 560 2201 textum
575 2139 864 2216 repraesentasset,
888 2134 1068 2199 aversione
1085 2130 1321 2198 catholicorum

98 2219 310 2286 ecclesiastica
325 2221 448 2303 (Vulg.)
464 2221 561 2286 toties
568 2221 801 2298 discedentem.

175 2306 204 2369 6.
235 2306 310 2370 Alia
325 2307 377 2371 vict
391 2307 556 2388 ingressus
579 2315 629 2372 est
647 2305 779 2370 Carolus
795 2303 1000 2385 Lachmann,
1022 2301 1184 2385 professor
1199 2299 1320 2365 Beroli-

98 2391 213 2471 nensis,
238 2392 331 2473 cujus
346 2411 409 2457 non
423 2393 579 2457 intererat
594 2391 735 2457 invenire
750 2396 873 2456 textum
890 2389 1112 2472 originarium,
1133 2388 1191 2452 sed
1205 2405 1321 2468 propo·

99 2493 166 2540 nere
181 2481 308 2542 textum
323 2478 355 2541 in
366 2477 515 2559 Aegypto
531 2482 564 2542 et
577 2478 610 2541 in
623 2478 754 2542 Oriente
769 2496 789 2540 a
804 2476 932 2541 saeculo
944 2477 984 2539 Il.
1000 2493 1103 2556 usque
1118 2475 1159 2539 ad
1170 2476 1321 2555 quartum

99 2561 227 2627 maxime
252 2562 418 2627 usitatum.
462 2563 555 2628 Hunc
578 2564 611 2628 in
633 2562 728 2627 finem
751 2563 887 2627 criteriis
909 2561 1042 2626 internis
1057 2560 1152 2641 plane
1166 2557 1321 2639 neglectis

100 2646 245 2729 suffragia
261 2667 325 2713 non
341 2649 499 2728 concedit,
515 2649 577 2713 nisi
592 2648 754 2714 codicibus
770 2647 1002 2728 antiquissimis
1016 2645 1210 2722 ABCPQTZ
1228 2663 1321 2708 evan-

99 2732 262 2814 geliorum,
280 2734 382 2799 codici
397 2735 428 2798 H
444 2734 652 2814 epistolarum
668 2733 790 2797 Pauha
807 2738 840 2798 et
855 2733 994 2814 Origeni.
1039 2731 1103 2796 Ubi
1118 2732 1197 2795 haec
1212 2748 1322 2794 monu-

100 2826 200 2882 menta
213 2819 427 2899 consentiunt,
439 2820 696 2884 dissentientium
707 2820 970 2883 documentorum
982 2816 1225 2883 occidentalium
1236 2814 1323 2878 nulla

99 2902 230 2969 habetur
251 2905 349 2983 ratio;
376 2905 492 2987 quodsi
514 2923 590 2969 vero
612 2905 667 2968 illa
694 2903 893 2982 discordant,
919 2923 979 2966 vox
1004 2902 1145 2967 decisiua
1170 2899 1324 2964 tribuitur

100 2989 231 3054 testibus
259 2990 526 3056 occidentalibus:
561 2989 723 3054 codicibus
754 2988 993 3070 graeco-latinis
1019 2987 1075 3050 EF
1103 3005 1169 3051 evu.
1199 2990 1231 3049 et
1252 2989 1322 3063 aet,

101 3075 237 3140 codiciE
255 3081 335 3155 act,
358 3077 448 3142 codd.
493 3074 554 3138 DG
570 3075 661 3155 epist.
678 3074 815 3153 Paulin,
838 3073 1064 3154 manuscriptis
1079 3071 1203 3136 latinis:
1222 3071 1323 3134 Vero·

100 3161 194 3241 nensi,
208 3160 414 3240 vercellensi,
432 3160 631 3239 Oolbertin03
646 3160 806 3242 Vulgatae
820 3159 853 3223 in
865 3158 1027 3224 codicibus
1039 3157 1200 3236 Fuldensi,
1215 3156 1323 3220 Amia-

100 3243 161 3310 tino
188 3252 265 3325 etc.;
294 3246 462 3311 Patribus:
492 3265 517 3311 s.
544 3247 692 3325 Irenaeo,
723 3264 746 3309 s.
779 3244 952 3327 Cypriane,
983 3263 1007 3309 s.
1038 3244 1162 3308 Hilario
1192 3243 1322 3320 Pictav,

101 3328 241 3397 Lucifero
260 3331 436 3398 Calariensi
452 3339 484 3396 et
499 3331 665 3396 Primasio.
681 3367 723 3415 ‘T
738 3331 799 3396 Ast
821 3332 918 3396 hacce
940 3327 1090 3396 methodo
1113 3334 1207 3393 utens
1223 3327 1324 3392 Lach-

101 3434 190 3481 mann
209 3417 306 3482 finem
327 3436 421 3482 suum
442 3417 571 3498 assequi
591 3437 653 3482 uon
673 3417 795 3498 potuit;
822 3417 939 3482 etenim
965 3417 1117 3494 duorum,
1144 3414 1242 3478 trium
1268 3418 1325 3476 aut

102 3508 234 3580 quatuor
250 3503 382 3567 testium
399 3522 571 3568 consensus
586 3523 648 3567 non
664 3501 783 3566 sufficit
798 3502 840 3566 ad
855 3508 978 3567 textum
993 3501 1034 3565 ab
1050 3500 1191 3581 antiquis
1215 3517 1325 3578 recep·
1350 3499 1353 3507 '

101 3589 165 3650 tum
185 3589 476 3668 determinandum;
503 3589 618 3670 quodsi
638 3588 721 3653 enim
742 3587 837 3668 plura
856 3593 964 3652 textus
983 3591 1188 3651 monumenta
1212 3603 1250 3650 ex
1269 3584 1325 3649 illa

102 3677 205 3738 aetate
224 3673 318 3738 nobis
339 3680 446 3740 essent
467 3680 611 3753 seruata,
634 3673 745 3754 procul
765 3672 863 3737 dubio
879 3673 1044 3737 dissensus
1059 3671 1199 3752 plurium
1215 3675 1325 3736 contra

103 3759 250 3835 pauciora
269 3759 324 3824 illa
348 3759 534 3841 frequenter
560 3759 694 3824 haberet
719 3758 832 3823 locum.
877 3758 1051 3823 Praeterea
1076 3777 1139 3822 non
1164 3756 1325 3822 sufficiens
1376 3755 1377 3759 ’

104 3844 242 3910 codicum
257 3847 503 3927 praecipuorum
517 3846 546 3909 A
563 3849 595 3911 et
612 3845 636 3909 O
651 3844 755 3908 factus
772 3850 821 3908 est
843 3862 937 3922 usus;
959 3843 1076 3908 etenim
1096 3843 1181 3907 illius
1201 3842 1327 3908 nonnisi

105 3929 285 3996 collationes
299 3931 447 4013 Bentleyi
463 3937 495 3997 et
510 3931 640 4011 Birchii,
655 3931 750 4012 hujus
765 3929 840 3995 illae
855 3929 1026 3994 Wetstenii
1041 3929 1206 3994 adhibitae
1222 3933 1303 3992 sunt.

183 4015 396 4098 Praecipuum
411 4018 507 4099 hujus
522 4018 582 4084 uiri
595 4016 745 4081 meritum
767 4015 800 4078 in
823 4035 860 4080 eo
883 4015 1043 4095 consistit,
1065 4016 1152 4096 quod
1166 4014 1326 4094 Vulgatae

106 4104 229 4193 nostrae
245 4102 387 4168 debitam
402 4104 545 4168 restituit
560 4103 786 4168 auctoritatem
797 4101 958 4180 criticam3
974 4119 1047 4164 nam
1059 4102 1192 4166 eandem
1204 4104 1325 4164 textum

107 4189 215 4334 sstgre
229 4188 341 4270 talem,
368 4189 473 4269 qnahs
489 4209 513 4254 s.
529 4189 722 4270 Hieronymo
743 4205 821 4269 prae
843 4186 943 4251 oculis
965 4192 1049 4266 erat,
1075 4183 1326 4251 luculentissime

106 4285 160 4345 pro
181 4273 255 4337 avit.

186 4357 293 4424 Primo
314 4355 448 4441 prodiit:
472 4359 510 4422 N.
532 4359 566 4422 T.
590 4377 718 4440 graece,
743 4377 780 4423 ex
803 4358 987 4423 recensione
1008 4355 1114 4420 Caroli
1133 4355 1325 4418 Lachmann.

109 4436 211 4506 Editio
226 4449 409 4526 stereotypa
423 4444 563 4509 Berolini
581 4445 687 4523 1831,
706 4445 738 4507 in
754 4462 818 4524 qua
832 4448 962 4524 praeter
976 4447 1099 4506 textum
1122 4459 1270 4523 graecum
1294 4440 1326 4504 in

111 4528 244 4608 margine
265 4530 414 4596 inferiore
436 4530 589 4596 lectiones
612 4529 773 4593 variantes
798 4529 921 4609 absque
947 4527 1167 4609 designatione
1192 4525 1325 4590 fontium

111 4607 297 4695 indicantur;
320 4617 393 4680 dein
407 4636 482 4682 vero
499 4616 600 4680 edidit
615 4634 697 4679 anno
714 4615 804 4679 1842.
820 4615 956 4696 primam
971 4618 1110 4694 partem,
1130 4631 1214 4695 quae
1233 4631 1326 4677 evan·
