3428 5180
764 299 831 307 —
875 262 1050 326 280-—

291 436 515 518 adponehatur
540 435 583 498 ad
608 432 703 498 finem
729 432 844 512 capitis
872 430 935 510 14,
962 435 995 495 et
1020 430 1123 510 primo
1145 429 1178 494 in
1199 429 1343 510 margine
1366 431 1520 494 adnotata

292 522 396 587 serius
412 520 515 585 textui
529 519 591 600 ipsi
606 518 817 583 inserebatur.
861 516 947 579 Dum
960 515 1071 597 itaque
1086 513 1256 596 doxologia
1268 513 1324 578 illa
1346 515 1379 579 in
1405 514 1520 580 codici-

292 607 364 685 bus,
380 606 436 687 qui
451 606 493 669 ad
508 623 585 669 usus
601 603 835 668 ecclesiasticos
849 620 912 665 non
927 606 1020 665 erant
1034 599 1196 679 destinati,
1211 599 1316 664 locum
1331 618 1426 664 suum
1437 617 1520 665 com·

292 696 469 772 petentem,
491 690 511 753 i.
528 708 553 754 e.
570 689 612 752 ad
626 687 721 754 finem
737 707 762 752 e.
780 688 829 750 16,
845 691 1029 766 occuparet:
1055 685 1089 749 in
1103 684 1208 765 libris,
1229 685 1284 765 qui
1298 685 1521 764 praelectioni-

293 776 355 842 bus
370 774 506 856 pubhois
520 773 753 852 inserviebant,
772 773 840 855 jam
855 776 932 852 post
948 789 972 836 c.
990 771 1059 849 14.,
1077 770 1145 852 jam
1159 775 1234 851 post
1249 789 1274 835 c.
1292 769 1355 849 16,
1380 789 1456 851 ergo
1471 769 1521 834 bis

294 861 415 942 scripta
436 864 492 924 est.
536 859 626 923 Haeo
649 858 720 939 ipsa
738 877 814 923 vero
837 857 981 922 codicum
1004 855 1176 920 diversitas
1191 855 1271 920 alios
1285 854 1435 920 librarios
1450 855 1521 935 per-

294 946 402 1025 movit,
418 949 455 1009 ut
470 944 671 1025 doxologiam
686 941 775 1007 illam
789 942 883 1024 plane
898 941 1092 1006 omitterent.

849 1161 877 1242 s.
895 1163 966 1226 raa.

581 1337 583 1340 -
687 1297 839 1350 Gravitas
857 1298 952 1370 hujus
965 1297 1131 1360 epistolae.

381 1451 471 1516 Haec
483 1450 698 1531 epistolatum
711 1450 891 1531 argumenti
900 1449 1071 1531 gravitate,
1083 1454 1151 1513 tum
1164 1468 1216 1514 res
1228 1449 1388 1514 tractandi
1401 1447 1521 1514 ratione

295 1538 379 1602 inter
394 1538 500 1601 omnia
516 1536 636 1617 scripta
651 1534 785 1598 Pauhna
801 1535 925 1600 eminet.

381 1620 426 1685 Ut
444 1620 532 1686 nulla
554 1621 633 1699 alia,
659 1621 739 1684 haec
762 1619 898 1700 epistola
918 1621 1072 1704 integram
1095 1617 1270 1682 doctrinam
1291 1617 1448 1682 desolate
1466 1641 1523 1700 pcc

299 1705 455 1769 Christum
470 1704 692 1790 conplectitur.
715 1704 890 1785 Apostolus
901 1705 1063 1770 miseriam
1074 1704 1275 1785 spiritualem
1286 1703 1387 1768 totius
1399 1703 1522 1784 generis
1599 1766 1602 1771 .

296 1791 427 1856 humani
442 1796 517 1856 ante
533 1790 696 1854 Christum
711 1790 907 1854 viridissime
923 1794 955 1854 et
970 1795 1054 1854 teste
1069 1789 1204 1853 historia
1226 1789 1393 1854 verissime
1415 1787 1522 1868 depin-

296 1877 360 1957 git3
386 1895 511 1957 pugnas
531 1875 616 1940 inter
636 1893 763 1940 earnem
787 1879 820 1939 et
842 1875 991 1956 spiritum
1011 1875 1045 1938 in
1067 1875 1187 1953 optimo
1207 1892 1336 1954 quoque
1350 1893 1414 1937 non
1427 1873 1523 1938 inter-

296 1966 426 2042 ruptas,
444 1960 594 2040 illiusque
608 1961 760 2024 victorias
776 1960 977 2024 continuatas
992 1959 1161 2038 describit,
1185 1964 1217 2023 et
1231 1977 1334 2039 usque
1349 1957 1392 2021 ad
1406 1956 1524 2022 iontem

298 2131 385 2212 quod
398 2131 431 2194 in
447 2149 555 2194 omnes
571 2131 641 2211 ejus
656 2135 804 2211 posteros
819 2130 952 2209 transit,
975 2134 1008 2194 et
1023 2135 1148 2192 tantum
1162 2129 1196 2192 in
1211 2134 1342 2192 cunctos
1358 2128 1421 2192 sibi
1436 2128 1524 2194 relio-

298 2222 350 2280 tos
374 2216 516 2279 exercuit
538 2215 729 2294 dominium,
755 2220 790 2278 ut
811 2215 861 2278 vel
880 2214 991 2278 sancta
1005 2214 1067 2278 Dei
1081 2214 1152 2294 lege
1167 2214 1209 2277 ad
1224 2218 1392 2294 peccatum
1408 2232 1524 2294 augen-

298 2300 375 2363 dum
397 2300 595 2364 abuteretur.
640 2299 770 2364 Peccati
792 2319 868 2364 vero
891 2299 1095 2364 exuberantis
1118 2298 1256 2380 cognitio
1280 2303 1313 2362 et
1336 2298 1525 2378 impotentia

297 2384 434 2449 hominis
450 2385 575 2465 agnita,
592 2389 694 2449 semet
708 2384 749 2448 ab
763 2384 818 2449 illo
833 2384 1007 2462 hberandi,
1027 2383 1221 2447 desiderium
1238 2384 1388 2448 excitavit
1403 2383 1525 2447 redem-

300 2470 388 2534 toris.
412 2470 587 2534 Redemtor
600 2470 652 2534 hio
668 2475 717 2534 est
732 2470 753 2534 J
755 2488 829 2534 esus
846 2468 1002 2548 Christus,
1018 2469 1100 2533 alter
1115 2469 1241 2549 generis
1256 2468 1386 2532 humani
1401 2487 1525 2548 parens,

300 2554 425 2618 Adamo
447 2553 577 2632 similis,
604 2559 763 2634 quatenus
786 2555 870 2618 sicut
890 2573 949 2634 per
963 2553 1047 2618 hunc
1061 2558 1229 2633 peccatum
1243 2553 1375 2617 intravit
1389 2553 1422 2616 in
1438 2572 1525 2617 mun·

301 2638 377 2702 dum
393 2644 426 2701 et
440 2656 499 2717 per
512 2644 680 2718 peccatum
695 2658 798 2703 mors:
809 2639 867 2722 ita
881 2658 940 2720 per
959 2638 1048 2702 illum
1065 2639 1193 2720 justitia
1212 2639 1299 2703 venit
1319 2638 1352 2701 in
1374 2639 1526 2702 mundum

301 2727 335 2788 et
349 2742 407 2802 per
418 2722 578 2809 justitiam
593 2724 668 2787 vita.
703 2723 849 2788 Christus
864 2724 896 2788 in
912 2743 1006 2788 carne
1021 2742 1080 2787 sua
1099 2727 1266 2803 peccatum
1287 2723 1319 2786 in
1342 2741 1377 2787 se
1400 2741 1527 2803 suscep·

301 2812 370 2871 tum
386 2808 518 2887 devicit,
531 2808 678 2890 justitiae
694 2808 821 2873 divinae
835 2828 897 2873 non
912 2828 971 2890 pro
986 2828 1065 2888 uno,
1082 2809 1139 2874 sed
1153 2827 1212 2888 pro
1228 2808 1373 2872 omnibus
1388 2808 1528 2888 peccatis

301 2892 474 2972 satisfecit,
490 2894 628 2974 gratiam
644 2899 676 2957 et
692 2894 847 2974 Spiritum
862 2912 886 2957 s.
902 2894 995 2958 nobis
1009 2894 1203 2973 promeruit,
1217 2893 1264 2957 ita
1278 2899 1316 2956 ut
1330 2912 1456 2972 omnes,
1476 2891 1528 2972 qui

301 2978 335 3042 in
351 2997 424 3043 eum
440 2979 588 3058 eredunt,
611 2978 843 3060 justificentur,
870 2977 927 3042 filii
942 2978 1004 3042 Dei
1020 2979 1213 3057 reddantur,
1240 2978 1434 3043 cohaeredes
1450 2978 1471 3042 J
1473 2995 1527 3042 esu

304 3062 424 3127 Christi
433 3064 615 3126 secundum
630 3081 720 3143 spem
732 3061 955 3142 firmissimam,
971 3082 1075 3143 neque
1087 3062 1323 3126 calamitatibus
1334 3061 1527 3127 labefactan-

302 3146 390 3227 dam,
417 3147 494 3227 quia
508 3147 541 3211 in
556 3152 686 3211 aeterno
701 3148 763 3212 Dei
778 3148 907 3212 decreto
922 3147 1165 3212 fundamentum
1181 3166 1273 3210 suum
1287 3147 1404 3226 habet,
1426 3147 1474 3211 ita
1494 3151 1528 3209 ut

302 3233 381 3296 nihil
396 3251 548 3312 separare
563 3250 621 3296 nos
636 3233 739 3313 possit
754 3251 773 3296 a
786 3233 943 3297 charitate
954 3233 1070 3312 divina,
1086 3233 1177 3313 cujus
1188 3233 1305 3313 pignus
1317 3233 1527 3297 certissimum

304 3322 353 3382 est
368 3316 509 3397 Spiritus
525 3335 549 3380 s.
564 3317 597 3380 in
613 3317 762 3381 cordibus
777 3318 895 3381 nostris
912 3317 1039 3381 effusus.
1084 3317 1169 3393 Quid
1184 3325 1300 3381 natura
1315 3317 1437 3396 valeat,
1454 3317 1528 3398 quid

303 3402 408 3483 gratia
425 3400 557 3480 efficiat,
582 3401 660 3481 quid
676 3402 719 3464 sit
729 3400 933 3482 justificatio,
955 3401 1114 3481 quomodo
1129 3401 1221 3466 nobis
1237 3402 1401 3483 contingat
1417 3407 1450 3466 et
1464 3401 1528 3466 sola

303 3487 442 3566 pretium
459 3505 565 3551 coram
580 3486 650 3550 Deo
665 3486 933 3550 habeatz—haec
949 3487 1054 3550 omnia
1066 3487 1151 3551 clare
1163 3487 1333 3551 edocemur
1346 3507 1383 3551 ex
1395 3485 1528 3567 epistola

303 3581 430 3650 nostra,
453 3589 536 3651 quae
557 3571 664 3634 divina
679 3571 838 3651 sapientiai
852 3571 953 3635 tradit
967 3571 1223 3650 praeparationis
1239 3577 1272 3635 et
1286 3572 1528 3636 demonstratio·

303 3655 353 3718 nis
369 3655 569 3735 evangelicae
582 3655 783 3719 lineamenta.

390 3738 565 3803 Praeterea
578 3739 754 3819 Apostolus
769 3741 802 3803 in
817 3739 1045 3804 dissertatione
1060 3757 1119 3802 sua
1135 3739 1262 3804 erudita
1281 3759 1344 3804 non
1366 3740 1407 3804 ab
1432 3741 1527 3820 hypo-

305 3821 452 3886 thesibus
474 3823 580 3886 dubiis
601 3825 825 3906 progreditur,
851 3825 909 3888 sed
933 3822 1027 3888 iactis
1054 3824 1241 3888 certissimis
1266 3825 1396 3903 nititur,
1424 3841 1527 3889 omnes

305 3907 415 3972 theses
432 3924 507 3969 suas
521 3907 638 3986 probat
654 3914 686 3972 et
698 3915 809 3972 contra
821 3909 1015 3989 obiectiones
1027 3908 1177 3988 vindicat,
1192 3909 1256 3972 imo
1267 3909 1329 3973 hae
1340 3909 1432 3989 ipsae
1443 3928 1527 3974 occa-

306 3992 428 4056 sionem
444 3991 652 4072 suppeditant
667 3992 708 4056 ad
723 3994 876 4057 materias
891 3994 1035 4057 diversas
1051 3993 1240 4073 profundius
1252 3995 1447 4057 tractandas.
1469 3993 1528 4056 Ne-

307 4095 370 4157 que
386 4076 541 4140 orationis
555 4075 676 4139 lumina
691 4077 821 4155 desunt3
847 4096 921 4141 nam
935 4077 1059 4157 antiqui
1070 4079 1138 4159 jam
1158 4079 1190 4142 in
1213 4078 1458 4142 admirationem
1477 4077 1528 4142 ab·

306 4162 391 4242 repti
407 4168 481 4226 sunt
495 4161 588 4239 locis,
605 4166 642 4224 ut
656 4161 692 4240 5,
708 4162 737 4225 3.
754 4180 842 4242 seqq.
859 4163 894 4241 8,
910 4161 1078 4241 31-39.,
1104 4162 1221 4244 quibus
1235 4162 1410 4242 Apostolus
1432 4156 1529 4227 ar'tem

306 4265 398 4310 suam
414 4245 607 4309 rhetoricam
623 4244 798 4310 clarissime
813 4245 1038 4310 manifestarit.

308 4367 311 4374 ·
392 4330 468 4410 Ipsa
482 4348 558 4394 vero
573 4330 654 4394 haee
668 4330 823 4394 materiae
839 4334 871 4394 et
885 4330 1007 4395 formae
1022 4329 1202 4395 sumeitas
1222 4335 1255 4395 et
1273 4330 1407 4396 ubertas
1427 4331 1529 4396 incau-

307 4415 349 4478 tis
371 4418 404 4478 et
425 4414 532 4478 sciolis
554 4415 694 4478 omnium
717 4419 897 4494 temporum
915 4413 1096 4495 periculosa
1118 4421 1196 4480 erat.
1241 4415 1347 4492 Quum
1369 4417 1454 4480 enim
1473 4433 1530 4480 non

307 4503 375 4563 tam
390 4498 515 4578 singula
529 4505 729 4578 exponantur
743 4498 911 4580 dogmata,
935 4517 1031 4578 quam
1046 4499 1154 4579 potius
1176 4500 1333 4581 principia
1354 4502 1529 4578 tradantur,
