3356 5176
765 311 1007 382 „4-

278 491 367 557 simis
382 498 490 556 tamen
505 490 703 572 temporibus
718 491 797 554 haec
813 489 979 572 disciplina
993 490 1087 571 plane
1103 490 1223 568 deerat,
1244 489 1414 569 subsequis
1430 507 1500 552 sae·

276 577 355 642 cuhs
376 577 490 660 exigua
511 582 603 641 erant
624 577 692 657 ejus
711 575 816 655 initia,
841 579 874 639 et
894 576 997 640 serius
1016 594 1080 640 una
1095 593 1167 639 cum
1181 574 1419 639 hermeneutica
1433 579 1499 637 tre-

275 664 365 743 ctari,
376 669 408 728 et
419 662 535 727 tituhs:
550 659 719 750 εἱςαγωγή,
730 661 934 740 introductio,
942 660 1101 726 institutio
1113 661 1164 725 vel
1174 660 1271 725 clavis
1283 679 1306 724 s.
1320 661 1499 740 scripturae

275 749 436 830 designari
463 748 600 827 solebat;
627 747 797 811 recentiori
821 747 949 810 demum
975 752 1083 811 aetate
1104 765 1151 826 ea,
1178 765 1260 828 quae
1282 747 1324 811 ad
1345 746 1500 810 ambitum

231 838 233 843 '
275 835 461 916 disciplinae
477 839 606 898 nostrae
621 833 795 914 pertinent,
812 838 963 913 separata
978 838 1052 896 sunt
1068 837 1100 896 et
1115 832 1241 897 nomine
1255 831 1500 896 introductionis

274 919 572 985 historico-criticae
587 919 763 999 designata.
794 917 952 999 Tempore
962 917 1120 997 nimirum,
1138 919 1224 999 quod
1235 936 1313 982 aevo
1324 916 1500 997 apostohco

275 1006 408 1087 propius
421 1010 499 1084 erat,
515 1005 587 1069 viva
602 1004 733 1068 traditio
748 1004 781 1067 in
792 1022 854 1068 usu
866 1023 1029 1068 sacrorum
1038 1003 1076 1067 N.
1086 1003 1121 1066 T.
1130 1004 1284 1068 librorum
1297 1003 1500 1084 quaestiones

275 1092 315 1156 de
331 1091 505 1171 authentia,
528 1090 723 1171 integritate,
740 1089 918 1170 axiopistia,
934 1091 975 1154 de
990 1089 1175 1154 auctoribus
1192 1095 1224 1154 et
1239 1089 1413 1153 lectoribus
1434 1088 1500 1169 pri-

274 1177 334 1240 mis
350 1183 408 1241 etc.
426 1175 604 1256 superfluas
619 1175 789 1253 reddebat;
812 1180 863 1239 ast
883 1175 974 1240 annis
993 1175 1273 1256 progredientibus
1294 1180 1327 1239 et
1341 1173 1501 1256 adjunctis

275 1263 408 1326 mutatis
424 1262 599 1326 necessitas
615 1279 686 1325 sese
701 1260 908 1340 obtrudebat,
932 1261 1122 1325 traditiones
1145 1261 1350 1325 ecclesiarum
1365 1260 1454 1324 vivas
1468 1259 1501 1322 in

274 1348 517 1429 generationum
531 1345 712 1411 futurarum
731 1365 825 1410 usum
846 1346 1014 1427 colhgendi
1030 1352 1062 1410 et
1077 1346 1178 1410 literis
1195 1345 1409 1427 consignandi.
1438 1345 1501 1408 Ac-

277 1433 373 1498 cessit
387 1433 587 1514 impugnatio
601 1432 755 1497 hbrorum
770 1438 953 1497 nostrorum
967 1440 1037 1496 tum
1051 1431 1092 1495 ab
1108 1431 1287 1511 haereticis,
1304 1436 1373 1495 tum
1388 1430 1429 1495 ab
1445 1431 1501 1494 ad-

275 1519 426 1583 versariis
450 1519 612 1600 religionis
636 1518 828 1583 christianae
849 1516 951 1597 facta,
978 1536 1062 1599 quae
1088 1517 1272 1582 orthodoxis
1296 1517 1501 1582 ecclesiarum

276 1604 465 1668 traditiones
487 1609 519 1668 et
540 1603 657 1667 indicia
676 1604 801 1668 interna
823 1604 1050 1684 investigandi,
1074 1603 1243 1684 colligendi
1257 1621 1296 1668 ac
1311 1601 1503 1668 defendendi

277 1689 502 1754 necessitatem
516 1690 677 1770 imposuit.

361 1775 610 1840 Introductionis
624 1775 754 1856 proprie
769 1773 815 1839 sic
830 1775 935 1838 dictae
954 1780 1067 1839 auctor
1088 1780 1138 1838 est
1158 1799 1182 1838 s.
1198 1775 1423 1860 Hieronymus,
1446 1773 1502 1854 qui

277 1861 512 1925 commentariis
527 1861 594 1924 suis
609 1861 641 1925 in
656 1860 799 1925 diversos
815 1879 839 1924 s.
856 1860 1035 1941 scripturae
1049 1860 1150 1924 libros
1160 1860 1326 1941 praeclara
1336 1859 1503 1941 praemisit

276 1947 509 2028 prolegomena,
527 1952 560 2011 et
573 1947 606 2010 in
621 1947 732 2026 primis
747 1965 860 2011 novem
876 1946 1035 2027 capitibus
1050 1946 1157 2028 operis
1169 1947 1220 2010 sui
1230 1947 1271 2010 de
1282 1946 1359 2010 viris
1370 1945 1502 2009 illustri-

277 2032 338 2096 bus
352 2031 420 2097 fere
435 2033 541 2097 omnia
556 2031 684 2113 collegit
699 2051 737 2096 ac
748 2033 907 2113 deposuit,
924 2051 1007 2113 quae
1018 2033 1060 2096 ad
1072 2050 1113 2096 ss.
1121 2032 1159 2096 N.
1169 2032 1204 2095 T.
1213 2037 1362 2097 auctores
1378 2050 1502 2096 eorum-

277 2136 340 2198 que
355 2118 475 2199 scripta
491 2127 646 2199 spectant.
676 2117 799 2182 Eodem
813 2118 908 2182 modo
923 2118 1116 2198 interpretes
1132 2118 1259 2182 scholae
1274 2117 1501 2195 Antiochenae,

275 2209 312 2266 ut
332 2202 507 2266 Theodorus
522 2203 702 2286 Mopsuest,
722 2227 744 2265 s.
763 2201 1009 2287 Chrysostornus,
1032 2204 1209 2266 Victorinus
1224 2205 1310 2284 Ant,
1334 2202 1500 2266 1711111111-

277 2302 327 2351 tus
343 2294 376 2353 et
390 2287 458 2366 alii,
482 2288 717 2353 commentariis
737 2288 804 2353 suis
824 2287 1049 2368 prolegomena
1064 2289 1307 2368 praemiserrmt.
1337 2289 1426 2353 Inter
1440 2287 1502 2351 La-

276 2374 361 2438 tinos
377 2373 423 2438 sic
435 2374 539 2438 dictus
552 2373 787 2436 Ambrosiaster
794 2373 951 2454 (Hilarius
966 2373 1146 2456 diaconus†
1155 2374 1242 2457 390.)
1258 2374 1503 2440 commentarios

278 2477 354 2524 suos
390 2461 422 2523 in
460 2458 613 2540 epistolas
642 2459 793 2524 Paulinas
828 2459 965 2541 egregiis
994 2459 1145 2524 instruxit
1172 2461 1295 2525 notitiis
1323 2460 1504 2542 isagogicis.

278 2543 578 2630 8.Α1191111’1111111
602 2563 698 2626 opere
722 2546 763 2609 de
785 2545 930 2609 doctrina
952 2545 1125 2610 christiana
1148 2545 1201 2609 lib.
1225 2547 1289 2626 iv,
1312 2546 1505 2609 Hadrianus

278 2628 312 2711 (†
337 2630 425 2712 450.)
451 2631 484 2694 in
513 2628 671 2717 εἶςαγωγὴ
696 2633 753 2720 τῆς
778 2629 876 2710 θείας
908 2634 1046 2720 γραφῆς,
1083 2631 1259 2695 Eucherius
1282 2631 1503 2717 Lugdunenses

279 2715 314 2796 (†
328 2716 417 2798 456.)
431 2717 465 2780 in
479 2715 561 2780 libro
576 2717 782 2800 „formarunt
802 2717 982 2800 spirtiuclc's
1002 2717 1226 2802 intelligentiae
1230 2718 1262 2797 ,“
1284 2722 1317 2782 et
1330 2717 1404 2798 „od
1416 2715 1504 2780 Scle-

279 2801 686 2885 111111111111111111111
705 2800 759 2865 lib.
775 2802 816 2866 ll.
832 2801 934 2884 magis
949 2801 1078 2884 regulas
1092 2803 1346 2868 hermeneuticas
1361 2804 1503 2882 tradunt,

280 2905 376 2967 quam
391 2887 523 2952 notitias
537 2887 726 2969 isagogicas.
738 2924 781 2932 —-
791 2888 926 2968 Paulus,
941 2888 1096 2969 magister
1109 2888 1270 2968 Nisiheus,
1285 2889 1408 2970 primus
1424 2894 1504 2968 erat,

279 2973 334 3052 qui
348 2973 579 3054 praelectiones
600 2972 803 3038 elucubraret
822 2975 864 3038 ad
883 2972 1036 3039 lectorem
1055 2975 1087 3038 in
1111 2993 1220 3040 sacros
1237 2974 1337 3039 libros
1358 2975 1503 3039 introdu-

279 3059 422 3122 cendum.
457 3060 547 3139 Opus
570 3060 654 3140 ejus,
676 3059 709 3122 in
728 3059 869 3140 linguam
890 3058 1022 3124 latinam
1041 3079 1169 3125 versum
1184 3079 1204 3123 a
1218 3059 1337 3124 Junilio
1352 3059 1503 3124 Africano

279 3142 319 3223 (c.
335 3162 363 3206 a.
378 3142 466 3225 460.)
482 3144 541 3207 sub
557 3144 665 3208 titulo:
690 3145 726 3206 de
735 3146 885 3227 partibus
904 3146 980 3229 11911
1001 3144 1127 3208 diurnae
1142 3146 1221 3208 libri
1231 3146 1292 3226 II.,
1315 3145 1503 3211 omniafere

280 3227 515 3308 complectitur,
545 3247 628 3309 quae
647 3230 690 3292 ad
709 3229 865 3293 ambitum
887 3234 1034 3312 spectant
1057 3231 1302 3296 introductionis
1322 3232 1503 3311 historicae,

279 3321 316 3377 ut
342 3314 515 3393 auditores,
540 3320 712 3395 antequam
738 3316 780 3378 ad
804 3315 908 3395 ipsam
933 3316 1126 3397 scripturam
1152 3335 1276 3381 sacram
1302 3318 1503 3397 ducerentur,

276 3401 579 3483 υ111111111111111111
590 3423 768 3482 causarum,
785 3425 865 3484 quae
874 3403 909 3464 c'n
920 3402 983 3487 [191
995 3402 1105 3466 debinc
1115 3417 1290 3483 versantur,
1305 3405 1504 3466 incentionem

279 3485 478 3569 ordinemque
499 3500 727 3570 cognoscerent,
749 3510 787 3549 ne
807 3489 947 3571 sparsim
970 3512 1007 3551 uc
1029 3488 1217 3569 turbulente,
1240 3488 1297 3552 ced
1315 3489 1505 3574 repulart'ter

280 3570 463 3635 ds'scersnt.“
490 3572 613 3636 Auctor
627 3571 857 3652 colloquiorum
870 3572 972 3637 forma
988 3578 1080 3638 utens
1095 3573 1128 3636 in
1149 3574 1252 3654 primo
1271 3573 1353 3639 libro
1374 3575 1443 3655 agit
1462 3575 1504 3638 de

281 3655 434 3722 divisione
448 3656 603 3721 librorum
618 3659 725 3738 quoad
739 3656 888 3738 formam,
912 3660 952 3722 de
972 3678 1081 3724 eorum
1101 3659 1295 3725 auctoritate
1315 3679 1372 3725 seu
1386 3660 1429 3725 de
1444 3658 1504 3724 Oa-

280 3761 376 3823 none,
399 3743 440 3806 de
455 3744 659 3822 auctoribus,
682 3763 814 3808 numero
834 3748 892 3808 etc.
913 3745 1067 3809 librorum
1086 3745 1321 3824 canonicorum;
1344 3746 1504 3810 secundus

281 3828 421 3893 continet
436 3828 600 3893 doctrinae
615 3829 751 3894 bibhcae
770 3830 921 3911 synopsin
937 3836 969 3894 et
984 3831 1160 3894 divinitatis
1176 3850 1199 3894 s.
1216 3831 1394 3912 scripturae
1408 3850 1505 3912 argu-

281 3918 419 3978 menta1
460 3912 562 3978 Simili
583 3915 676 3979 modo
698 3915 905 3979 0111111111
925 3914 966 3996 (1.
982 3935 1010 3980 a.
1030 3915 1117 3997 563.)
1137 3916 1170 3979 in
1192 3936 1303 3998 opere:
1328 3919 1505 3998 „institutis

281 3998 463 4062 divinarunt
478 3998 665 4062 latuerun‘
678 4006 808 4080 praeter
828 4006 1094 4066 commentatores
1114 4002 1250 4068 maxime
1270 4002 1410 4083 insignes
1424 4008 1505 4067 tem-

280 4085 368 4165 poris
383 4085 605 4166 praecedentis
622 4085 719 4150 etiam
734 4086 865 4151 notitias
880 4086 1133 4152 hermeneuticas
1146 4093 1178 4152 et
1188 4088 1368 4170 isagogicas
1378 4087 1506 4170 collegit

279 4176 378 4252 atque
391 4170 425 4234 in
440 4171 583 4236 ordinem
597 4171 731 4253 redegit.

365 4257 455 4322 Inter
470 4255 611 4322 Graecos
626 4257 744 4322 eminet
759 4259 942 4342 epilepseos.
958 4259 1148 4342 1111111111,
1171 4277 1254 4340 quae
1268 4258 1352 4325 inter
1366 4278 1465 4342 opera
1479 4286 1504 4325 1.

283 4342 459 4406 Athanasii
469 4343 642 4422 invenitur,
665 4347 708 4422 et,
726 4343 928 4408 etiamsinon
943 4343 1037 4425 hujus
1053 4343 1096 4408 sit
1110 4364 1204 4426 opus,
1221 4345 1383 4426 antiquior
1396 4351 1504 4410 tamen

281 4434 331 4492 est
345 4428 495 4492 Euthah0
512 4429 645 4493 diacono
660 4427 700 4508 (c.
716 4447 743 4492 a.
759 4429 857 4511 450),
873 4429 929 4509 qui
943 4429 1017 4494 inde
1033 4431 1189 4495 desumsit
1203 4431 1430 4514 prolegomena
1445 4451 1505 4496 sua

351 4620 360 4649 ¹
377 4610 545 4668 Bibliotheca
556 4629 643 4681 magn.
656 4611 775 4666 Petrum.
806 4613 930 4667 Coloniae
944 4613 1018 4668 1618.
1032 4621 1094 4668 tom.
1109 4615 1143 4669 11.
1155 4623 1225 4684 part.
1238 4615 1273 4670 11.
1285 4634 1311 4685 p.
1326 4617 1383 4671 198.
1397 4631 1468 4686 seqq.
