3356 5176
813 316 1191 384 -52-'

331 490 420 556 cibus
431 489 556 556 biblicIs
566 491 678 572 procul
693 491 790 556 dubio
800 489 1015 572 peculiaribus
1026 491 1125 573 signis
1136 491 1304 556 indicatae.
1330 491 1420 556 Idem
1434 511 1540 572 suppo·

331 596 406 642 nere
420 575 496 642 licet
509 577 542 641 in
556 577 628 642 aliis
640 577 780 642 ecclesiis
795 576 928 656 factum;
953 577 1070 643 etenim
1085 596 1183 657 quum
1198 577 1441 658 praecipuorum
1454 577 1541 643 festo·

331 681 401 726 runr
417 662 503 744 cyclo
518 662 570 727 bic
583 662 628 727 ibi
644 667 747 728 certos
762 663 860 727 libros
875 662 982 744 legere
997 663 1230 728 consueverint:
1245 663 1341 728 hosce
1354 683 1413 744 pro
1428 665 1542 728 dierum

330 767 461 813 numero
476 746 509 811 in
525 753 630 814 certas
645 747 796 814 lectIones
811 748 954 814 dividere
968 749 1183 814 necessarium
1199 755 1276 813 erat.
1290 751 1299 792 ¹

413 834 452 896 In
468 834 596 897 accinio
611 833 835 898 Aleaaadriaa
851 852 932 899 saec.
948 834 985 898 V.
1001 834 1180 914 Euthalius,
1195 834 1306 915 jussus
1321 834 1361 898 ab
1376 834 1543 898 Athanasio

330 919 493 1000 episcopo,
518 924 593 984 acta
610 920 842 1000 apostolorum,
869 920 1022 1000 epistolas
1043 919 1215 986 catholicas
1237 926 1270 985 et
1289 918 1439 984 Paulines
1459 921 1544 1000 juxta
1650 951 1651 964 ³

330 1023 495 1070 numerum
525 1005 649 1070 dierum
679 1005 907 1071 dominicorum
938 1010 970 1070 et
998 1004 1153 1071 festorum
1181 1006 1425 1087 praecipuorum
1453 1006 1484 1068 ln
1507 1005 1543 1068 bl

329 1095 558 1172 anagnosmata
573 1091 694 1171 divisit,
711 1111 846 1172 quorum
861 1097 934 1156 aeta
949 1111 999 1172 ap.
1017 1093 1069 1171 16,
1088 1091 1243 1171 epistolae
1258 1091 1433 1156 catholicae
1448 1092 1501 1169 10,
1516 1097 1545 1154 et

330 1175 484 1240 Paulinae
504 1177 543 1240 31
561 1176 774 1242 continebant.
818 1176 1065 1258 Evangeliorum
1085 1176 1199 1241 divisio
1218 1177 1251 1241 In
1268 1177 1310 1240 57
1327 1176 1477 1241 lectiones
1495 1179 1546 1238 aut

326 1263 393 1343 joam
405 1261 567 1342 antiquior
586 1268 664 1342 erat,
680 1267 737 1328 aut
748 1264 788 1328 ab
800 1263 951 1328 Euthalio
963 1263 1066 1328 serius
1077 1262 1171 1327 iacta.
1199 1261 1409 1343 Apocalypsis
1421 1261 1546 1340 excepta

330 1347 464 1412 ecclesia
476 1347 659 1429 Hispanch,
675 1349 731 1413 ubi
743 1367 815 1413 cunr
825 1349 906 1414 actis
921 1367 971 1429 ap.
984 1348 1168 1430 apaschate
1183 1366 1284 1428 usque
1295 1348 1337 1411 ad
1348 1352 1547 1429 pentecosten

328 1432 505 1514 legebatur,
522 1431 630 1513 (Cone.
643 1433 744 1499 Tolet.
755 1435 809 1499 IV.
826 1453 851 1499 c.
868 1434 942 1516 II),
958 1435 1000 1498 ad
1014 1434 1174 1514 publicam
1189 1433 1435 1515 praelectionem
1450 1433 1546 1496 minus

328 1523 407 1599 apta
431 1517 609 1583 videbatur.
662 1520 815 1586 Attamen
840 1525 1069 1602 anagnosmata
1094 1519 1308 1584 Alexandrina
1333 1524 1464 1599 recepta
1490 1536 1547 1581 non

329 1609 404 1667 sunt
417 1603 450 1668 in
465 1603 536 1669 aliis
552 1603 706 1686 ecclesiis,
728 1607 761 1670 in
781 1605 897 1687 quibus
920 1606 1039 1687 quippe
1058 1605 1141 1670 alius
1159 1604 1286 1686 legendi
1301 1605 1380 1670 ordo
1395 1605 1464 1686 jam
1483 1609 1547 1668 erat

328 1689 478 1754 usitatus.

415 1773 507 1840 Circa
518 1774 658 1840 medium
674 1795 755 1842 saec.
767 1777 805 1841 V.
820 1779 854 1840 o'a
867 1775 980 1841 Gallia
995 1795 1063 1841 mos
1078 1775 1220 1855 invaluit,
1237 1793 1345 1841 sacros
1356 1774 1395 1838 N.
1408 1775 1443 1838 T.
1455 1774 1547 1838 libros

329 1880 392 1925 non
406 1861 548 1942 integros
564 1862 713 1927 continua
728 1863 811 1928 serie
825 1863 960 1944 legendi,
976 1863 1033 1927 sed
1049 1866 1153 1927 certas
1167 1867 1277 1942 partes
1293 1861 1456 1943 seligendi,
1471 1877 1548 1941 quae
1656 1889 1657 1894 1

328 1946 402 2012 anni
425 1947 623 2027 temporibus
644 1953 676 2014 et
694 1947 785 2013 festis
808 1950 944 2014 maxime
963 1948 1130 2014 convenire
1149 1947 1353 2026 videbantur,
1380 1965 1445 2026 quo
1469 1945 1547 2009 facto
1657 1975 1658 1981 κ

327 2032 498 2113 pericopae
516 2032 591 2098 illae
611 2033 749 2099 selectae
769 2054 806 2099 eo
822 2035 946 2115 ordine,
974 2053 1036 2115 quo
1054 2054 1114 2116 per
1132 2033 1207 2099 anni
1227 2033 1396 2097 decursum
1411 2029 1547 2112 praelegi

329 2116 487 2196 solebant,
510 2118 542 2182 in
556 2118 711 2200 peculiari
724 2119 806 2184 libro
822 2120 1097 2199 describebantur,
1118 2120 1173 2200 qui
1188 2119 1387 2202 ἐκλογαδιον,
1404 2117 1548 2182 lectiona-

328 2203 420 2282 rium,
437 2204 464 2267 si
475 2204 644 2285 pericopas
659 2224 677 2269 e
693 2205 768 2269 solis
781 2206 953 2287 evangeliis
967 2205 1118 2288 legendas
1129 2203 1410 2285 complectebatur,
1425 2201 1548 2286 adoyya·

328 2289 501 2372 λισταριον,
529 2289 644 2369 quodsi
669 2309 745 2355 uero
765 2291 917 2356 lectiones
939 2291 1171 2356 ecclesiasticas
1196 2289 1335 2355 exactis
1356 2293 1389 2353 et
1410 2285 1548 2369 epistobs

329 2373 526 2453 continebat,
553 2375 837 2463 πραξαπόστολος,
868 2376 1177 2458 praxapostolarium
1206 2375 1257 2440 vel
1283 2375 1379 2439 etiarn
1404 2374 1548 2438 lectiona-

328 2458 412 2523 rium
437 2458 613 2525 dicebatur.
661 2461 698 2524 In
724 2460 858 2527 ecelesia
883 2481 998 2544 graeca
1023 2460 1280 2528 lectionariorum
1302 2465 1376 2524 ante
1401 2461 1549 2522 Joaaaora

328 2543 563 2608 Damasceaom
575 2545 671 2626 (saec.
682 2546 784 2629 VIII.)
799 2567 862 2612 non
876 2547 913 2612 fit
923 2548 1051 2625 mentio.
1080 2547 1126 2611 Ut
1136 2566 1211 2612 vero
1228 2546 1324 2611 etiarn
1338 2546 1371 2609 In
1383 2544 1549 2621 codicibus,

329 2629 384 2710 qui
403 2629 502 2695 libros
521 2630 559 2694 N.
582 2631 616 2695 T.
636 2631 778 2713 integros
798 2634 1015 2714 continebant,
1046 2633 1216 2714 perIcopae
1241 2631 1477 2697 ecclesiasticae
1497 2647 1550 2710 per

329 2715 500 2780 decursum
520 2715 620 2782 totius
639 2718 712 2782 anni
732 2718 886 2800 legendae
908 2718 1001 2784 facile
1026 2719 1255 2797 invenirentur,
1283 2716 1457 2781 earundem
1483 2734 1550 2780 con-

330 2800 524 2882 signationes
551 2803 657 2874 citatis
680 2803 786 2868 verbis
810 2804 985 2870 Initialibus
1012 2809 1044 2869 et
1064 2803 1212 2869 finalibus
1238 2801 1364 2882 confici,
1391 2799 1549 2867 codicibus

328 2887 483 2969 praeponi
503 2888 553 2953 vel
573 2889 718 2971 adjungi,
742 2895 775 2956 et
794 2889 946 2956 lectiones
965 2891 998 2956 ln
1019 2895 1110 2955 textu
1131 2890 1201 2970 ipso
1224 2888 1384 2970 designari
1399 2887 1551 2953 solebant.

331 2970 592 3055 ConsignatI0nes
604 2975 835 3058 pericoparum,
848 2996 930 3058 quae
937 2976 1029 3058 juxta
1037 2977 1179 3040 ordInem
1191 2975 1315 3040 dierum
1326 2973 1550 3038 dominicorum

329 3063 362 3122 et
376 3058 531 3124 festorum
545 3060 699 3142 legendae
714 3065 801 3142 sunt,
818 3063 1007 3147 συναξάρια,
1025 3067 1058 3126 et
1071 3062 1158 3140 illae,
1175 3079 1258 3142 quae
1272 3060 1425 3125 lectIones
1441 3058 1550 3124 diebus

330 3144 519 3209 Sanctorum
534 3147 715 3210 recitandas
732 3148 905 3226 continent,
927 3147 1101 3235 μηνολόγια
1117 3147 1274 3211 dicuntur.
1310 3146 1398 3211 Inter
1413 3144 1550 3209 Graecos

327 3230 550 3311 pencoparum
566 3231 643 3295 ordo
660 3232 812 3296 eeclesiae
828 3231 1210 3313 Constantinopolitanae,
1232 3232 1316 3296 inter
1331 3231 1464 3296 Latmos
1479 3246 1550 3294 vero

326 3314 381 3380 ille
396 3315 548 3380 ecclesiae
562 3317 725 3381 Romanae
739 3317 835 3397 paulo
854 3317 1041 3383 immutatus
1055 3318 1130 3383 Inde
1145 3337 1165 3382 a
1179 3316 1376 3399 temporibus
1389 3315 1498 3381 Caroli
1511 3313 1550 3378 M.

330 3400 497 3466 dominans
513 3401 622 3466 evasit.

412 3486 463 3550 Ab
478 3485 569 3550 initio
584 3486 756 3552 lectionum
774 3488 1061 3554 ecclesiastIcarum
1076 3489 1270 3571 pronomina,
1287 3487 1416 3568 quaein
1436 3484 1549 3551 codici-

328 3570 389 3636 bus
404 3571 561 3636 continuis
576 3579 754 3654 occurrunt,
769 3574 1009 3655 perspicuitatis
1024 3593 1205 3640 causacum
1219 3574 1399 3639 nominibus
1413 3570 1551 3654 propriis

328 3661 512 3737 permutata
527 3663 617 3739 sunt3
632 3678 728 3739 porro
742 3660 979 3742 Inscriptiones:
995 3661 1104 3726 Lecti0
1121 3659 1275 3742 evangelii
1290 3679 1318 3724 u.
1334 3678 1363 3740 g.
1379 3659 1552 3723 seeundum

328 3742 543 3824 Matthaeum,
564 3745 615 3809 vel
634 3744 728 3810 lectio
750 3746 904 3827 epistolae
918 3767 946 3811 v.
962 3767 991 3828 g.
1009 3766 1033 3811 s.
1054 3745 1147 3810 Pauli
1166 3747 1208 3810 ad
1228 3745 1401 3824 Romanos,
1425 3741 1551 3808 itemin

328 3828 563 3910 evangeliorum
577 3831 736 3912 pericopis
754 3851 862 3898 voces:
878 3833 915 3896 In
929 3831 983 3897 illo
999 3838 1143 3913 ternpore
1158 3831 1238 3894 dixis
1249 3831 1270 3895 J
1272 3849 1345 3896 esus
1360 3829 1552 3910 adjicieban-

327 3917 389 3977 tur.
433 3914 607 3981 Praeterea
622 3917 780 3982 clausulas
796 3917 955 3998 slmpbces
970 3917 1129 3998 pleniores
1144 3917 1335 3996 reddebant,
1351 3915 1463 3980 tristes
1478 3931 1551 3979 vero

327 3997 571 4066 reformidantes
596 4021 693 4085 saepe
718 4003 816 4068 verba
841 4004 1000 4085 quaedam
1021 4007 1221 4081 resecarunt,
1248 4020 1331 4083 quae
1352 3998 1552 4066 auditoribus

328 4089 484 4152 terrorem
508 4086 651 4156 Incutere
679 4089 875 4171 potuissent,
905 4088 980 4155 licet
1007 4089 1050 4153 ad
1078 4088 1162 4153 idern
1192 4107 1263 4154 curn
1287 4085 1552 4170 praecedentibus

330 4339 476 4394 secundum
488 4338 619 4394 Ioannem
632 4356 665 4395 ex
677 4340 769 4394 ordine
780 4340 923 4395 lectionum
935 4355 983 4394 nos
996 4341 1081 4395 solere
1093 4346 1217 4396 tractare.
1249 4340 1302 4396 Sed
1314 4340 1376 4410 quia
1386 4355 1458 4394 nunc
1470 4317 1556 4392 mter?

330 4407 417 4476 posita
429 4415 470 4462 est
482 4408 627 4463 solennitas
640 4415 792 4464 sanctorum
805 4409 916 4474 dierum,
930 4409 1025 4478 quibus
1038 4418 1126 4463 certus
1138 4429 1170 4464 ecc
1182 4411 1322 4479 coaopclio
1336 4410 1462 4463 lectiones
1473 4425 1488 4460 ο
1509 4424 1549 4458 or·

326 4478 499 4599 itlclzerrssmec'grgss,
508 4496 582 4599 eogere
595 4479 636 4531 ita
648 4495 758 4532 uacuae
776 4486 847 4544 aaut,
859 4487 889 4531 ct
900 4479 984 4531 alitor
996 4495 1052 4531 cccc
1064 4479 1253 4548 nonpossint:
1271 4477 1335 4533 ordo
1347 4478 1398 4532 iste
1409 4476 1474 4546 paul
1505 4489 1548 4528 um

397 4618 406 4647 ¹
424 4613 477 4668 Cir.
492 4629 514 4667 s.
527 4587 663 4684 Cbrysost.
676 4613 704 4669 in
714 4613 805 4669 homil.
817 4630 865 4668 cur
876 4615 905 4668 ln
915 4619 1069 4683 pentecoste
1080 4620 1142 4669 acta
1153 4614 1286 4684 leguntur.
