3428 5180
649 298 933 363 -351—

1314 465 1401 514 Pagina

181 547 202 590 6.
221 543 278 588 168.
302 543 484 604 Argumentum
498 543 621 602 epistolae
677 573 1316 592 ................
1352 540 1401 587 258

181 615 201 658 6.
223 610 278 658 169.
303 610 408 669 Quando
422 615 447 656 et
458 611 502 656 uhi
515 613 577 658 haec
591 612 700 671 epistola
713 612 807 670 scripta
820 611 854 657 sit
884 641 1314 656 ...........
1351 611 1399 654 261

181 679 278 726 6170.
303 679 423 726 Gravitas
436 685 460 726 et
472 680 569 726 utilitas
581 679 656 738 hujus
669 679 790 738 epistolae
843 713 849 724 .
886 717 891 726 .
922 713 937 762 3
972 711 1315 724 .........
1367 702 1400 710 -

637 817 664 876 4)
677 817 793 876 Epistola
805 817 837 862 ad
849 816 940 861 Titum.

97 897 99 900 ’
181 917 277 963 6171.
301 919 676 965 nenitoetueinsuucreta
712 949 1099 968 ..........
1101 974 1104 980 ,
1136 950 1142 962 .
1180 950 1185 963 .
1219 938 1227 962 1.
1264 951 1270 962 .
1306 950 1314 966 .
1351 920 1399 964 262

180 989 200 1038 11
221 987 277 1030 172.
302 989 482 1045 Argumentum
496 987 619 1045 epistolae
672 1018 1315 1034 ................
1352 988 1401 1032 263

180 1059 199 1102 6-
222 1055 276 1101 173.
301 1054 851 1116 0666666166111666661616166611616611
887 1086 1315 1102 ...........
1352 1049 1402 1100 264

582 1186 608 1258 5)
628 1194 667 1239 An
680 1192 823 1239 Corinthios
835 1191 869 1238 11.
884 1191 1001 1250 66161616.

179 1298 199 1340 6.
220 1294 277 1340 174.
302 1293 406 1340 Occasio
420 1299 444 1340 et
456 1308 546 1354 scopus
558 1294 632 1353 hujus
646 1295 767 1354 epistolas
802 1325 1315 1342 .............
1352 1295 1401 1339 266

180 1367 199 1410 6.
222 1361 276 1406 175,
301 1362 433 1420 Ε61616166
445 1364 477 1409 11.
491 1365 523 1409 ad
537 1364 680 1410 Corinthios
693 1367 865 1422 argumentum
886 1395 1314 1410 ...........
1352 1364 1399 1408 267

180 1435 199 1477 6.
220 1430 277 1474 176.
303 1431 411 1490 Tempus
424 1437 448 1477 et
462 1433 531 1478 locus
544 1431 618 1490 hujus
632 1432 754 1490 epistolae
766 1432 875 1491 scriptae
923 1462 1292 1484 ..........
1310 1465 1314 1474 .
1352 1433 1400 1477 268

180 1503 199 1546 6.
220 1498 275 1544 177.
298 1499 339 1544 De
357 1501 485 1558 utriusque
503 1501 626 1559 epistolae
644 1501 677 1546 ad
695 1499 840 1546 Corinthios
862 1499 1043 1559 destinatione,
1069 1499 1198 1544 authentia
1218 1505 1242 1544 et
1261 1513 1315 1545 can.

299 1569 450 1614 auctoritate
503 1601 1315 1618 ....................
1353 1569 1401 1614 269

615 1699 640 1771 6)
659 1706 776 1765 Epistola
788 1707 820 1752 ad
833 1705 966 1752 Romanos.

179 1811 199 1854 6.
221 1805 277 1851 178.
300 1809 341 1853 De
353 1808 461 1854 ecclesia
472 1809 587 1854 Romana
632 1839 1315 1856 .................
1352 1808 1400 1854 269

178 1879 199 1922 6.
220 1876 276 1921 119.
304 1875 410 1922 Occasio
423 1880 448 1922 et
460 1891 549 1936 scopus
563 1877 686 1936 epistolae
698 1877 730 1922 ad
742 1877 869 1923 Romanos
926 1909 1315 1924 ..........
1353 1878 1400 1923 271

178 1948 198 1992 6.
220 1943 276 1990 180.
300 1944 481 2004 Argumentum
494 1945 618 2005 epistolae
676 1975 1315 1994 ................
1352 1947 1400 1991 272

178 2017 198 2060 6.
219 2013 275 2064 181.
300 2012 354 2070 Quo
367 2018 480 2072 tempore
493 2020 517 2060 et
529 2015 585 2060 loco
599 2014 660 2060 haee
673 2013 781 2072 epistola
793 2014 887 2072 scripta
899 2013 932 2060 sit
972 2047 1314 2062 .........
1352 2014 1400 2059 277

178 2086 198 2128 6.
219 2082 275 2126 182.
299 2082 437 2129 Authentia
449 2087 474 2128 61
486 2083 620 2142 integritas
633 2083 761 2145 epistolae
796 2115 802 2127 .
839 2118 845 2130 .
882 2117 885 2127 -,
923 2117 929 2128 .
965 2114 973 2130 .
1010 2120 1013 2126 .
1053 2117 1312 2129 .......
1350 2082 1398 2128 279

178 2151 277 2198 6183.
302 2149 421 2198 Gravitas
434 2149 508 2209 huius
521 2151 645 2210 epistolae
670 2183 1313 2200 ................
1352 2152 1400 2196 280
1438 2167 1440 2172 ’

346 2315 377 2386 G)
395 2321 528 2382 Epistulae
539 2321 616 2368 Pauli
629 2323 677 2382 hp.
691 2321 718 2367 in
731 2321 813 2380 prima
825 2321 973 2381 captivitate
987 2321 1101 2368 Romana
1114 2321 1231 2380 scriptae.
1255 2375 1259 2384 ι

614 2454 637 2520 1)
657 2457 774 2519 Epistola
786 2460 818 2506 ad
832 2459 965 2519 Ephesios.

177 2579 197 2625 6.
217 2577 273 2626 181,
300 2579 340 2624 De
352 2579 452 2638 Epheso
466 2584 490 2625 61
503 2579 534 2625 <le
546 2579 635 2637 primis
647 2579 770 2637 epistolae
784 2579 921 2626 lectoribus
968 2611 1313 2629 .........
1351 2581 1399 2627 281

178 2651 198 2694 6.
218 2647 273 2692 185.
299 2646 413 2706 Occasio,
427 2661 517 2706 scopus
531 2652 556 2693 et
568 2654 742 2706 argumentum
756 2649 881 2706 epistolae
926 2681 1313 2698 ..........
1351 2652 1400 2697 283

178 2715 888 2775 6186.0666666165166616166111166666161616.
926 2752 930 2761 .
969 2753 974 2762 .
1011 2753 1016 2765 .
1055 2753 1058 2763 .
1097 2752 1101 2761 .
1140 2753 1144 2788 3
1181 2751 1188 2764 .
1225 2752 1230 2764 .
1267 2754 1272 2763 .
1309 2757 1314 2766 .
1351 2721 1400 2766 285

593 2851 619 2910 2)
638 2852 754 2910 Epistola
766 2852 799 2898 ad
813 2851 984 2900 colossenses.

175 2958 196 3000 6.
217 2953 273 2998 181.
298 2954 337 2999 De
350 2954 458 3000 66616616
470 2931 671 3000 Christianorum
685 2953 834 3001 0616666661
883 2989 1313 3004 ...........
1351 2958 1399 3003 285

176 3026 196 3069 a.
219 3023 273 3067 188.
301 3022 407 3068 Occasio
421 3028 446 3069 et
458 3027 634 3081 argumentum
648 3023 770 3081 epistolae
797 3057 1315 3073 .............
1351 3027 1399 3072 286

176 3095 197 3137 6.
218 3090 274 3135 189.
300 3089 326 3148 3)
344 3091 463 3150 Epistola
475 3092 508 3137 ad
519 3091 697 3137 Philemonem
717 3125 1314 3141 ...............
1352 3095 1399 3140 287
1444 3160 1447 3166 y

585 3228 610 3286 1)
629 3229 746 3288 Epistola
758 3229 791 3274 ad
803 3229 989 3288 Philippenses.

175 3335 195 3377 6.
218 3330 272 3376 199.
296 3330 336 3374 De
348 3331 410 3376 urbe
423 3335 447 3376 et
460 3330 567 3376 ecelesia
579 3331 739 3391 Philippensi
793 3363 1309 3380 .............
1347 3333 1396 3378 288

175 3404 195 3446 t.
217 3396 272 3443 191.
298 3397 412 3460 Occasio,
426 3412 515 3458 scopus
529 3403 553 3444 et
566 3398 635 3446 locus
649 3399 770 3459 epistolae
783 3401 894 3460 scriptae
920 3432 1225 3448 ........
1236 3419 1266 3447 ’.
1305 3437 1308 3445 .
1346 3402 1394 3446 289

339 3567 375 3627 D)
394 3570 512 3630 Epistola
523 3571 597 3616 Pauli
611 3571 688 3617 missa
700 3570 766 3616 inter
778 3569 798 3616 Ι.
812 3575 837 3617 61
848 3569 881 3617 Π.
896 3571 1070 3630 captivitatem
1082 3573 1233 3618 Romanam:

696 3657 729 3702 ad
741 3656 880 3704 Hebraeos.

176 3763 197 3806 6.
217 3758 272 3803 192.
296 3758 336 3804 De
348 3764 458 3816 auctore,
472 3758 592 3805 66666166
607 3759 758 3805 auctoritate
771 3765 795 3805 61
808 3760 896 3818 lingua
907 3759 1027 3820 originali
1039 3760 1114 3820 hujus
1128 3759 1250 3820 epistolae
1307 3795 1312 3808 .
1351 3762 1399 3810 290

175 3828 273 3874 6193.
298 3826 459 3873 continuatio
495 3862 501 3875 .
538 3865 543 3876 .
583 3861 598 3880 ,Ἴ
626 3861 1313 3879 .................
1350 3834 1399 3878 292

176 3901 195 3942 s.
216 3895 271 3941 194.
297 3893 460 3941 Continuatio
503 3930 1313 3946 ....................
1351 3902 1399 3946 295

175 3969 195 4011 6.
217 3963 273 4008 195.
298 3962 394 4021 Quibus
407 3964 543 4012 lectoribus
555 3965 650 4024 scripta
662 3965 695 4011 611
707 3965 770 4011 haec
785 3965 895 4024 epistola
925 3999 1314 4016 ..........
1351 3970 1400 4014 296

175 4038 195 4080 s.
217 4032 272 4080 196,
297 4031 404 4077 Occasio
419 4037 444 4078 et
456 4046 547 4093 scopus
588 4066 1314 4085 ..................
1352 4038 1400 4082 299

175 4105 195 4146 6.
216 4099 273 4145 197.
296 4101 479 4158 Argumentum
503 4135 1314 4152 ....................
1351 4106 1401 4151 300

175 4173 195 4215 6.
218 4168 273 4215 198.
298 4167 403 4226 Quando
417 4173 442 4215 et
454 4169 497 4216 ubi
510 4170 619 4229 epistola
633 4170 666 4216 sit
679 4171 775 4229 scripta
799 4203 1314 4221 .............
1352 4175 1400 4219 303

355 4335 388 4403 Ε)
406 4339 523 4399 Epistola
536 4353 555 4387 s.
569 4341 643 4387 Pauli
656 4341 681 4387 in
702 4343 813 4388 secunda
825 4341 974 4399 captivitate
986 4342 1103 4388 Romana
1115 4342 1221 4401 scripta:

658 4428 691 4477 ΙΙ.
707 4428 739 4473 ad
751 4427 917 4473 Timotheum.

175 4532 196 4576 6.
217 4529 272 4575 199.
296 4527 427 4591 Epistolae
440 4527 540 4574 occasio
554 4535 578 4575 61
591 4535 766 4589 argumentum
798 4563 1314 4580 .............
1352 4535 1400 4582 303

175 4602 194 4645 6.
215 4599 270 4643 200.
298 4599 403 4659 Quando
416 4597 511 4658 scripta
523 4598 557 4644 sit
568 4599 631 4645 haec
645 4600 754 4661 epistola
798 4633 804 4646 .
842 4632 846 4643 .
926 4632 1315 4650 ..........
1353 4606 1401 4652 304
