3364 5156
542 407 547 418 Ι
594 344 672 404 ¹-
716 309 775 372 141
815 261 889 364 J-

138 487 259 560 tempus
275 479 506 561 Hierosolymis
522 484 740 558 remanerent,
756 497 860 559 neque
874 478 938 545 fine
953 480 1111 545 adventus
1127 497 1238 546 eorum
1252 501 1361 548 neces·

137 565 251 630 sarium
267 573 353 644 erat,
371 583 476 645 neque
492 569 636 630 statuere
652 564 851 644 permittitur
866 565 992 630 silentio
1008 565 1101 630 Pauli
1116 566 1157 632 de
1172 567 1232 632 hoc
1246 567 1361 635 itinere

135 651 166 713 in
180 649 314 730 epistola
329 651 371 714 ad
387 649 520 714 Galatas
536 668 560 714 c.
584 651 610 712 1.
624 651 696 714 112.
713 650 892 729 observato,
910 651 996 731 quod
1010 651 1118 731 potius
1134 652 1263 718 brevius
1278 658 1359 718 tem-

135 736 217 816 poris
238 735 378 816 spatium
401 735 567 816 supponit,
594 735 641 799 ita
663 739 699 798 ut
714 735 834 799 Paulus
858 754 930 801 cum
953 736 1024 800 ahis
1039 737 1204 816 Apostolis
1229 757 1359 804 couver-

135 821 221 884 sandi
235 840 299 885 non
313 821 448 886 haberet
463 822 677 899 occasionem,
701 826 733 885 et
748 839 861 886 revera
875 821 946 885 Act.
963 823 1020 901 12,
1045 823 1095 886 21).
1111 828 1243 903 peracto
1258 843 1358 904 opere

132 906 330 971 Antiochiam
344 906 465 971 reversi
480 924 551 970 esse
566 906 725 987 leguntur.
754 906 861 983 Quare
872 907 1015 971 narratio
1026 908 1067 972 de
1078 913 1181 973 morte
1194 909 1357 989 Agrippae

133 991 256 1056 embohi
270 991 373 1055 instar
388 996 437 1056 est
451 991 599 1057 habenda
613 991 697 1056 inter
719 998 852 1057 eventus
874 992 998 1074 priores
1020 998 1053 1057 11
1067 993 1235 1058 Barnabae
1259 1000 1358 1075 atque

129 1076 217 1140 -Sauli
232 1077 380 1141 reditum.
415 1078 520 1142 Lucas
535 1077 684 1140 nimirum
699 1096 814 1141 nexum
829 1078 949 1143 realem
964 1097 1101 1159 sequens
1117 1079 1271 1144 ecclesiae
1285 1099 1359 1160 per·

131 1162 323 1227 secutionem
345 1169 377 1228 et
397 1162 561 1243 Agrippae
583 1167 719 1228 mortem
739 1163 923 1228 immediate
945 1163 1122 1245 conjungit,
1149 1182 1213 1245 quo
1240 1165 1358 1230 clarius

131 1247 189 1310 sibi
206 1254 389 1328 opponatur
404 1248 519 1313 servile
535 1249 619 1330 regis
635 1249 786 1327 studium,
803 1269 866 1330 quo
881 1268 993 1313 auram
1005 1249 1191 1330 popularem
1205 1251 1356 1330 captavit,

129 1337 160 1396 et
172 1332 320 1398 immanis
336 1334 405 1414 eJus
421 1333 603 1412 crudelitas,
620 1353 684 1415 qua
695 1334 867 1415 Apostolos
883 1340 1073 1415 persecutus
1089 1340 1157 1414 est;
1173 1354 1291 1401 vesana
1306 1336 1357 1400 sui

127 1417 223 1496 ipsius
239 1418 439 1499 apotheosis,
464 1419 666 1483 irridentium
680 1420 884 1485 adulatorum
898 1420 1005 1485 verbis
1021 1421 1176 1500 excitata,
1204 1427 1236 1485 et
1257 1419 1354 1488 foeda

128 1502 192 1582 ejus
203 1523 300 1569 mors.
323 1504 447 1568 Eodem
457 1504 551 1568 modo
563 1505 668 1569 Lucas
683 1506 813 1586 maj0ris
829 1505 961 1571 effectus
977 1525 1075 1570 causa
1090 1525 1108 1570 e
1123 1507 1355 1571 contrarietate

127 1587 251 1652 oriundi
271 1590 304 1654 in
327 1589 490 1670 evangelio
512 1590 687 1654 narrationi
711 1591 751 1655 dc
773 1591 906 1655 loannis
928 1591 964 1655 B.
988 1591 1153 1656 activitate
1175 1593 1213 1670 3,
1237 1593 1352 1656 1-18,

127 1673 232 1737 statim
255 1674 346 1740 addit
364 1694 393 1739 v.
417 1675 466 1738 19.
489 1675 539 1739 20.
562 1675 691 1740 brevem
704 1676 894 1740 relationem
909 1677 949 1740 de
964 1677 1077 1741 seriori
1092 1677 1236 1757 ejnsdem
1251 1682 1349 1758 sorte,

126 1775 185 1837 quo
200 1760 306 1840 magis
319 1760 485 1825 illucescat
498 1761 667 1825 antithesis
681 1761 766 1825 inter
780 1761 896 1841 agendi
908 1762 1064 1826 rationem
1075 1762 1236 1825 variarum
1247 1761 1349 1826 homi·

125 1861 196 1908 uum
210 1845 377 1925 classium,
394 1846 450 1926 qui
464 1846 703 1927 praedicatione
717 1846 850 1912 loannis
865 1847 944 1910 moti
959 1847 1188 1926 poenitentiam
1204 1853 1349 1928 egerunt,

125 1935 156 1992 et
167 1930 325 2011 Antipae,
342 1931 398 2012 qui
412 1931 540 1996 monitis
554 1931 640 1995 illius
655 1937 761 1996 tactus
777 1931 960 1996 criminibus
977 1931 1095 1995 crimen
1109 1931 1251 2011 addidit;
1267 1933 1352 1997 inter

126 2015 321 2093 probitatem
335 2016 528 2097 intrepidam
544 2015 712 2097 Baptistae
729 2022 761 2082 et
775 2017 912 2081 adversa
927 2017 996 2098 ejus
1011 2016 1107 2080 fata.1

204 2101 297 2178 Quae
313 2119 385 2165 cum
398 2102 445 2166 ita
460 2102 533 2180 sint,
548 2107 692 2166 statuere
706 2102 790 2181 licet,
806 2103 981 2168 secundum
996 2101 1142 2182 Apostoli
1157 2101 1219 2166 iter
1231 2101 1347 2167 Hiero·

123 2186 347 2266 solymitanum
360 2187 465 2252 locum
480 2187 631 2252 habuisse
646 2188 785 2252 secundo
800 2207 882 2252 anno
899 2186 1025 2251 Claudii
1044 2186 1108 2267 (42.
1125 2205 1221 2251 11111
1236 2187 1347 2268 vulg),

121 2272 366 2350 praecedentem
380 2273 450 2352 eJus
461 2272 740 2338 commorationem
751 2273 939 2337 Antiochiae
950 2272 990 2336 ab
1004 2292 1085 2337 anno
1096 2272 1244 2351 41-42,
1260 2272 1348 2337 illam

122 2355 210 2422 Tarsi
231 2356 364 2422 Ciliciae
386 2357 426 2421 ab
449 2376 531 2422 anno
557 2359 705 2422 38-41.
733 2377 804 2423 sese
830 2358 1027 2438 extendisse,
1054 2358 1252 2423 activitatem
1279 2359 1350 2440 ejus

121 2442 273 2508 seriorem
287 2443 406 2523 partim
420 2443 452 2508 in
467 2443 570 2524 primo
585 2444 628 2508 ad
642 2447 754 2524 gentes
768 2444 892 2523 itinere,
908 2444 1027 2524 partim
1041 2443 1230 2508 Antiochiae
1245 2462 1349 2524 usque

120 2527 160 2590 ad
174 2528 344 2594 concilium
359 2528 685 2608 Hierosolymitanum
701 2530 811 2595 decem
827 2529 954 2595 circiter
969 2549 1123 2595 annorum
1140 2529 1289 2610 spatium,
1310 2529 1351 2594 ab

125 2613 359 2678 11111142-52.
376 2632 471 2680 11111
486 2614 569 2695 vulg.
587 2615 772 2694 explevisse.

200 2701 239 2781 3)
262 2698 382 2764 Paulus
398 2700 505 2783 quoiam
520 2699 750 2779 Hierosolymis
765 2699 894 2764 advenit
909 2705 983 2779 post
997 2699 1130 2763 tertium
1145 2699 1208 2764 iter
1222 2699 1255 2764 in
1271 2718 1348 2780 gen-

118 2782 219 2849 tilium
238 2785 384 2865 regiones
400 2789 474 2850 ante
488 2784 606 2848 festum
621 2789 833 2864 pentecostes
872 2785 952 2848 Octo
969 2783 1083 2847 dicbus
1099 2783 1217 2863 elapsis
1232 2784 1266 2847 in
1281 2784 1348 2848 vin-

119 2870 187 2934 cula
209 2871 375 2950 coniectus
398 2878 448 2934 est
470 2875 591 2949 etpost
606 2869 740 2933 biduum
756 2868 948 2935 Caesaream
963 2867 1122 2932 abductus
1137 2868 1180 2931 ad
1196 2868 1346 2948 Fehcem,

117 2954 263 3022 iudaeae
285 2960 541 3035 procuratorem,
569 2955 722 3035 quicum
747 2953 918 3035 usquead
945 2953 1137 3016 amotionem
1165 2971 1256 3016 suam
1294 2971 1354 3032 per

117 3039 280 3105 biennium
294 3041 326 3104 in
341 3059 469 3106 carcere
484 3041 650 3106 detentum
664 3039 795 3120 rehquit
810 3037 987 3104 successori
1003 3056 1061 3102 suo
1077 3037 1184 3102 Festo.
1215 3037 1346 3103 Porcius

117 3125 244 3205 Festus,
261 3131 332 3189 cum
347 3127 487 3190 venisset
501 3126 534 3190 in
545 3125 565 3189 J
567 3125 713 3203 udaeam,
724 3130 798 3205 post
815 3125 856 3189 15
871 3123 998 3189 circiter
1012 3123 1082 3188 dies
1091 3122 1270 3190 Caesareae
1285 3142 1344 3203 pro

117 3211 271 3276 tribunah
285 3212 400 3276 sedens
416 3211 539 3275 audivit
550 3215 754 3275 accusatores
766 3209 858 3275 Pauli
870 3210 1029 3291 hujusque
1041 3207 1266 3287 defensionem,
1283 3227 1347 3289 qua

118 3297 285 3362 occasione
299 3296 474 3377 Apostolus
489 3297 531 3360 ad
548 3295 718 3360 Caesarem
733 3295 916 3376 appellavit.
940 3294 1036 3359 Brevi
1050 3300 1125 3375 post
1139 3294 1260 3358 Paulus
1276 3313 1349 3359 cum

117 3381 187 3446 ahis
208 3382 326 3446 vinctis
348 3383 488 3446 traditus
503 3381 589 3445 Julio
613 3381 790 3446 centurioni
812 3381 952 3445 cohortis
973 3380 1142 3460 Augustae
1165 3379 1350 3444 conscendit

117 3468 222 3532 navim
237 3468 496 3545 Adrumetinam,
523 3467 660 3532 hiemem
674 3466 832 3547 transegit
845 3467 878 3529 in
893 3465 1005 3533 Mehta
1020 3464 1124 3528 insula
1147 3469 1179 3529 ct
1202 3469 1349 3544 tempore

118 3570 214 3617 verno
230 3553 361 3617 advenit
376 3555 510 3631 Romae,
535 3551 590 3615 ubi
605 3552 710 3615 denuo
725 3571 783 3632 per
805 3551 967 3614 biennium
988 3549 1021 3614 in
1045 3568 1172 3615 carcere
1196 3549 1241 3613 sic
1263 3549 1349 3615 dicto

122 3637 257 3701 militari
273 3638 424 3702 detentus
441 3643 490 3702 est
505 3636 590 3714 (Act.
606 3638 657 3714 20,
675 3636 723 3699 16.
740 3637 791 3713 21,
810 3635 945 3713 11-28,
961 3635 1037 3715 31).

205 3723 385 3803 Captivitas
410 3722 557 3803 Apostoh
584 3721 809 3786 Caesareensis
835 3720 961 3783 initium
986 3719 1101 3783 habuit
1126 3723 1201 3798 post
1229 3717 1348 3784 festum

117 3812 331 3887 pentecostes
348 3815 380 3872 et
392 3826 464 3871 cum
473 3807 571 3870 Felici
584 3807 770 3871 succederet
782 3806 907 3884 Festus
919 3805 988 3885 jam
1002 3824 1061 3884 per
1074 3804 1237 3868 biennium
1253 3805 1350 3869 dura-

117 3897 211 3956 verat
226 3891 310 3970 (Act.
327 3893 377 3971 24,
394 3891 474 3973 at),
497 3896 595 3971 atque
610 3891 760 3956 abductio
777 3890 869 3954 Pauli
883 3890 915 3954 in
930 3890 1003 3953 navi
1018 3889 1123 3954 locum
1137 3888 1251 3954 habuit
1267 3893 1348 3954 tem-

116 3995 197 4055 pore
212 3978 408 4042 auctumnali
421 3983 496 4042 ante
510 3976 628 4041 festum
643 3975 832 4057 expiationis
849 3974 913 4054 (10.
929 3975 1054 4040 Tischri
1068 3975 1138 4039 Act.
1154 3975 1206 4053 27,
1219 3973 1273 4054 a).
1298 3974 1348 4040 Oh

116 4079 208 4125 mare
225 4062 387 4126 clausum²
402 4063 506 4126 insula
521 4061 632 4126 Melita
647 4069 721 4126 ante
736 4061 894 4126 decimum
910 4061 1028 4125 mensis
1044 4060 1154 4124 Martii
1169 4059 1275 4124 deseri
1298 4058 1352 4122 vix

116 4151 264 4228 poterat;
291 4147 408 4228 elapsis
424 4148 565 4227 quinque
579 4153 636 4210 aut
650 4166 706 4213 sex
720 4146 835 4210 (11111111
854 4145 944 4209 navis
965 4145 1095 4210 advenit
1110 4143 1269 4222 Puteolis,
1295 4143 1352 4209 ubi

190 4368 198 4398 ¹
220 4363 274 4417 Clr.
288 4364 410 4418 Giinther
421 4364 585 4417 hermeneut.
598 4363 661 4416 bibl.
676 4363 738 4417 edit.
752 4363 799 4416 ΠΙ.
813 4379 838 4430 p.
853 4362 895 4415 98.
908 4363 933 4415 2.
949 4364 984 4428 a).

93 4449 100 4463 =
189 4434 201 4466 ²
220 4431 280 4495 „Ex
292 4432 335 4486 die
346 4433 370 4486 3.
377 4433 442 4485 Idus
449 4431 591 4486 Novembr.
605 4447 689 4500 usque
701 4432 729 4484 in
742 4431 812 4485 diem
820 4432 844 4484 6.
853 4430 917 4484 Idus
924 4428 1016 4483 Martii
1027 4427 1112 4481 maria
1123 4426 1345 4480 claudebantur.“

120 4498 254 4566 Vegetius
266 4501 299 4553 de
312 4516 341 4553 re
354 4499 499 4565 1111111114,
512 4500 553 4552 39.

176 4587 398 4636 Gflnrunn‚1ntrod.
409 4587 469 4624 in·N.
481 4585 507 4624 Τ.
520 4585 596 4624 libros.
621 4587 634 4638 J
717 4633 721 4638 Ι
1116 4579 1149 4634 16
