3428 5180
816 310 1100 376 -288—

343 481 521 548 Philemoni
547 491 618 548 erat
643 499 764 560 servus,
792 480 966 562 Onesimus,
997 483 1061 563 qui,
1090 487 1263 563 postquam
1287 481 1451 546 domiuum
1477 501 1563 548 suurn

343 569 459 633 damno
480 566 640 647 affecerat,
661 585 797 647 poenam
819 566 934 632 timens
954 566 1087 648 aufugit,
1113 573 1145 632 et
1161 586 1233 632 cum
1248 569 1383 632 Romam
1397 586 1503 648 usque
1517 588 1563 634 ve-

343 654 445 720 nisset
460 658 492 718 et
506 652 642 717 Paulum
656 652 839 732 invenisset,
860 652 900 717 ab
917 672 955 717 eo
970 653 1012 717 ad
1028 652 1191 718 Christum
1207 658 1257 717 est
1272 671 1454 718 conversus
1484 655 1564 736 Apo·

344 739 446 806 stolus
461 737 637 803 ministerio
658 737 727 818 ejus
747 737 944 818 aliquamdiu
965 757 1044 804 usus
1060 744 1110 804 est
1124 740 1261 818 Romae,
1283 738 1414 804 tandem
1429 758 1507 804 vero
1522 741 1563 804 di-

344 825 472 890 mittere
487 843 559 888 eum
575 824 725 902 decrevit,
743 828 776 886 et
791 822 859 887 coll.
877 822 995 888 Coloss.
1010 826 1040 904 4,
1057 824 1085 887 9.
1101 843 1165 888 una
1181 842 1253 888 cum
1268 824 1405 905 Tychico
1420 825 1564 890 redeunti

343 911 454 976 literas
470 908 746 974 commendatitias
761 908 803 972 ad
818 906 1035 974 Philemonem
1050 910 1193 974 tradidit.

428 993 554 1074 Scripta
570 1007 615 1057 est
627 994 705 1056 boec
720 993 852 1077 epistola
867 994 970 1058 eodem
986 1007 1128 1079 tempore,
1145 1017 1204 1078 qao
1220 993 1297 1056 illae
1312 993 1359 1056 ad
1370 994 1527 1078 Ephesios
1540 1010 1565 1059 et

344 1080 390 1146 ud
404 1080 600 1145 Colossenses
613 1092 686 1142 suat
701 1085 874 1160 escaratae.1

430 1165 580 1231 Ceterum
602 1163 739 1246 epistola
760 1163 840 1228 haec
862 1163 1136 1246 meresamiliario
1151 1178 1211 1245 aaa
1233 1169 1377 1230 attamen
1392 1165 1565 1232 salutarem

344 1253 438 1318 docet
452 1249 614 1329 influxum,
637 1269 731 1330 quem
747 1249 859 1330 rehgio
875 1249 1049 1314 christiana
1063 1250 1095 1313 in
1109 1250 1253 1329 ipsorum
1269 1267 1434 1314 servorum
1451 1255 1566 1315 sortem

343 1335 722 1418 mitigandam.exercuit;
739 1341 908 1414 praeterea
924 1335 1130 1399 christianam
1145 1334 1366 1413 humilitatem,
1382 1334 1523 1400 nobilem
1537 1344 1566 1402 et

343 1423 501 1486 urbanum
516 1420 663 1501 Apostoh
680 1421 897 1485 characterem
918 1420 1046 1501 egregie
1065 1419 1265 1498 manifestat3
1288 1420 1361 1484 hinc
1376 1419 1495 1484 mirum
1508 1441 1566 1486 non

345 1513 404 1586 est,
427 1525 497 1571 earn
519 1525 581 1570 non
604 1505 752 1569 obstante
774 1506 942 1584 brevitate,
965 1505 1178 1570 destinatione
1198 1511 1230 1570 et
1243 1504 1350 1570 indole
1365 1505 1407 1569 ab
1422 1507 1565 1571 omnibus

346 1592 488 1658 ecclesiis
503 1591 643 1670 antiquis
657 1591 742 1655 inter
757 1591 877 1671 scripta
892 1590 1043 1656 canonica
1058 1609 1129 1656 esse
1151 1597 1327 1672 receptam,
1349 1597 1387 1654 ut
1407 1591 1566 1677 caroloque

345 1677 523 1755 Mat-acore,
546 1677 645 1738 versio
661 1675 812 1755 Pesckz'to,
837 1675 1052 1740 Tertullianus
1067 1689 1095 1739 et
1112 1675 1282 1762 Oopeoest
1303 1681 1482 1756 testantur;
1502 1677 1567 1758 ipse

343 1764 492 1826 Marcion
507 1761 590 1826 inter
605 1760 757 1841 epistolas
773 1761 924 1826 Pauhnas
937 1780 1010 1826 eam
1026 1759 1196 1826 referebat.

668 1979 706 2081 4)
733 1979 896 2076 Epistola
920 1980 1245 2079 adPhilippenses.

898 2151 925 2232 s.
945 2153 1015 2216 reo.

676 2288 724 2338 De
736 2288 816 2338 urbe
830 2290 863 2338 et
878 2285 1013 2339 ecelesia
1024 2287 1237 2350 Philippensi.

430 2439 515 2506 Urbs
531 2439 693 2524 Phihppi,
715 2441 787 2503 olio
804 2439 961 2504 Krenides
977 2439 1077 2519 dicta,
1099 2439 1282 2520 aPhilippo
1298 2441 1476 2506 Macedone
1490 2461 1568 2506 novo

344 2526 471 2591 nomine
487 2527 614 2604 donata,
635 2525 838 2607 amplificata,
860 2525 893 2589 in
908 2544 1014 2591 arcem
1029 2543 1191 2605 conversa,
1215 2525 1278 2590 sita
1293 2530 1363 2590 erat
1377 2532 1470 2590 trans
1485 2526 1569 2610 Stry-

344 2633 464 2673 monem
477 2609 609 2674 fluvium
623 2611 656 2675 in
671 2629 710 2676 ea
719 2611 925 2676 Macedoniae
939 2615 1042 2691 parte,
1058 2629 1142 2691 quae
1156 2611 1247 2690 prius
1262 2612 1304 2676 ad
1312 2611 1485 2676 Thraciam
1499 2631 1569 2692 per-

343 2695 478 2760 tinebat.
522 2695 588 2760 Sub
603 2696 819 2762 Romanorum
839 2696 973 2777 imperio
996 2695 1123 2777 adjecta
1145 2701 1195 2761 est
1210 2696 1418 2760 Macedoniae
1438 2697 1569 2777 primae,

344 2780 364 2845 i.
374 2800 400 2846 e.
416 2781 539 2862 primae
553 2781 640 2862 parti
648 2782 855 2846 Macedoniae
870 2781 1128 2861 quatripartitae,
1145 2781 1340 2862 abnugusto
1356 2782 1400 2845 ad
1415 2781 1570 2846 coloniam

345 2866 521 2930 Romanam
537 2871 647 2931 evecta
662 2872 695 2931 et
706 2868 779 2948 jure
793 2866 902 2931 itahco
917 2866 1073 2948 praedita.
1117 2867 1188 2931 Act.
1206 2867 1255 2946 16,
1272 2868 1321 2931 12.
1343 2867 1461 2954 πρώτη
1476 2868 1570 2944 πόλις

344 2949 439 3033 hujus
454 2951 556 3034 partis
564 2953 772 3016 Macedoniae
787 2952 976 3033 appellatur,
992 2952 1079 3032 quod
1092 2959 1201 3016 tamen
1215 2971 1278 3016 non
1293 2950 1442 3033 designat
1453 2958 1570 3016 metro-

343 3037 451 3116 polim,
474 3037 579 3117 qualis
601 3043 672 3101 erat
685 3036 885 3118 Amphipohs
901 3037 981 3117 (Liv.
996 3036 1050 3100 lib.
1065 3037 1116 3101 45.
1137 3037 1257 3117 c.19.);
1280 3037 1338 3101 sed
1360 3035 1476 3100 urbem
1499 3055 1570 3117 gra-

343 3121 485 3186 vioribus
500 3120 675 3202 privilegiis
690 3129 849 3200 omatam;
872 3121 1067 3186 testantibus
1084 3121 1166 3186 enim
1181 3121 1318 3185 nummis
1333 3121 1476 3201 antiquis
1491 3123 1569 3186 haec

344 3206 558 3272 denominatio
573 3206 689 3294 πρώτη
704 3207 800 3284 πόλις
813 3226 876 3270 non
898 3225 971 3271 raro
994 3207 1120 3271 duabus
1143 3211 1200 3270 aut
1214 3206 1319 3271 tribus
1334 3205 1482 3286 ejusdem
1497 3226 1569 3287 pro-

345 3292 468 3356 vinciae
484 3291 668 3356 civitatibus
683 3291 844 3355 tribuitur.

431 3376 571 3456 Philippi
587 3377 655 3441 coll.
671 3377 741 3440 Aet,
759 3376 808 3454 16,
826 3375 874 3438 12.
891 3394 979 3456 seqq.
995 3376 1099 3457 prima
1115 3383 1206 3439 erant
1219 3373 1347 3439 urbium
1362 3375 1524 3455 Europae,
1539 3377 1570 3440 iu

345 3480 409 3542 qua
418 3481 442 3526 s.
451 3461 572 3526 Paulus
583 3462 615 3525 in
627 3461 766 3526 secundo
779 3480 837 3524 suo
849 3461 963 3524 itinere
975 3460 1150 3542 apostolico
1163 3460 1370 3540 praedicavit,
1380 3466 1415 3525 et
1422 3460 1569 3543 Lydiam,

344 3547 569 3629 purpurariam
592 3547 850 3627 Thyatirensem,
873 3545 1082 3626 proselytam,
1109 3564 1180 3610 cum
1202 3550 1272 3609 tota
1295 3545 1365 3626 ejus
1386 3543 1509 3610 iamiha
1529 3545 1571 3609 ad

346 3631 508 3696 Christum
525 3632 689 3696 convertit,
731 3631 810 3696 Cum
826 3639 933 3694 tamen
947 3629 1121 3711 Apostolus
1138 3649 1155 3694 e
1170 3629 1278 3710 puella
1293 3629 1443 3710 spiritum
1458 3631 1571 3711 pytho-

344 3716 450 3780 nicum
471 3717 633 3797 ejecisset,
654 3735 718 3780 una
738 3735 809 3780 cum
825 3715 896 3778 Silo
910 3715 943 3778 in
957 3715 1061 3780 forum
1077 3716 1119 3779 ad
1134 3715 1359 3796 magistratum
1376 3720 1427 3778 est
1442 3717 1567 3793 ductus,

346 3800 445 3880 virgis
461 3819 572 3864 caesus
589 3802 668 3865 etin
684 3820 844 3865 carcerem
861 3802 1031 3882 conjectus,
1048 3805 1202 3880 sequente
1217 3805 1326 3864 autem
1341 3799 1393 3863 die
1405 3801 1570 3880 acceptia

345 3885 537 3965 magistratu
553 3884 770 3950 satisfactione
785 3886 945 3964 dimissus,
962 3893 994 3950 et
1009 3905 1081 3949 cum
1089 3885 1255 3952 Timotheo
1271 3903 1309 3948 ac
1321 3883 1387 3948 Sila
1403 3885 1570 3950 discedens

415 4105 426 4203 ζ
444 4099 732 4223 ξῗὲιιξιίῧῖἒΜπεὶοη,
744 4187 767 4222 v.
780 4169 834 4222 Th:
860 4169 915 4222 Soli
926 4163 989 4220 huie
1001 4168 1129 4236 epistolae
1140 4167 1257 4221 brevitas
1270 4173 1326 4230 :sua
1335 4165 1456 4286 profuit,
1474 4173 1504 4220 ut
1518 4165 1570 4219 fal·

345 4237 431 4291 sarias
450 4250 544 4289 manus
556 4236 700 4289 Marcionis
719 4236 850 4290 evaderet.
886 4237 971 4289 Miror
986 4241 1089 4300 tamen,
1107 4252 1167 4289 cum
1185 4236 1220 4290 ad
1237 4252 1319 4288 unum
1355 4235 1570 4288 ominemfactas

298 4309 300 4314 '
345 4303 486 4384 receperit,
504 4303 580 4382 qued·
585 4303 619 4356 ad
631 4304 800 4358 Timotheum
813 4304 880 4358 duas
893 4312 920 4358 et
930 4319 1012 4357 unam
1023 4305 1058 4358 ad
1070 4303 1161 4357 Titum
1173 4304 1206 4358 de
1219 4303 1400 4358 ecclesiastico
1414 4309 1488 4358 statu
1500 4317 1569 4356 eom·

346 4378 672 4508 Ροειωεθξιᾳὲἓιῗὲξζοωὶἰ.
688 4439 717 4492 in
728 4438 827 4492 darem,
839 4439 925 4493 XIX:
944 4437 1031 4508 Ὅπερ
1047 4445 1093 4494 καὶ
1111 4439 1126 4493 ὁ
1144 4443 1255 4500 Παῦλος
1274 4437 1464 4509 ἐπιστάμενος
1479 4439 1572 4508 ἔλεγεν

347 4511 378 4564 ⁸⁹
390 4511 424 4582 a·
436 4507 1232 4644 tit?attttttt‘tttttttthildibratti
