3428 5180
634 305 920 370 —281—

161 475 279 557 quibus
294 475 456 558 integrum
471 476 636 540 doctrinae
651 474 844 541 christianae
855 481 997 556 systema
1006 475 1169 555 innititur;
1185 494 1284 558 quum
1294 495 1387 557 prae-

160 566 251 626 terea
265 561 317 626 lex
332 567 366 626 et
380 561 501 644 gratia,
523 559 604 626 fides
620 565 652 626 et
667 580 781 642 opera,
800 562 929 642 justitia
942 562 1083 626 humana
1098 566 1131 626 et
1141 561 1269 643 justitia
1284 581 1303 627 a
1318 562 1387 629 Deo

160 646 239 710 data
254 651 315 711 etc.
331 647 392 712 sibi
407 650 625 728 opponantur:
641 646 850 726 epistolariae
866 647 1005 712 omnium
1019 645 1087 712 fere
1098 647 1298 713 saeculorum
1308 649 1384 714 hae-

159 731 253 796 retici
267 731 485 797 abutebantur
499 732 542 796 ad
555 731 675 813 placita
690 750 749 796 sua
763 731 931 797 indcienda.
954 732 1040 797 Dum
1052 733 1136 796 enim
1145 733 1227 798 hanc
1237 733 1289 798 rel
1298 733 1386 799 illam

159 818 354 882 sententiam
368 817 589 882 antitheticam
600 818 689 898 justo
703 817 777 898 plus
791 822 945 899 urgerent
959 822 992 883 et
1006 824 1205 899 premerent,
1231 823 1290 883 aut
1302 819 1389 884 ultra

159 902 309 983 Apostoli
324 902 490 967 consilium
506 903 729 968 extenderent:
744 901 864 967 lactum
876 908 935 983 est,
950 909 988 967 ut
997 902 1153 984 Apostolo
1164 922 1228 968 non
1239 902 1389 970 obstante

159 987 401 1069 perspicuitatis
417 989 523 1052 studio
540 987 718 1053 sententiae
731 988 826 1069 plane
841 989 1020 1054 contrariae
1041 989 1298 1054 obtruderentur.
1336 991 1389 1056 Sic

167 1072 386 1136 Valentiniani
408 1073 596 1139 invenerunt
621 1073 795 1138 voluntatis
819 1074 1002 1140 libertatem
1026 1080 1190 1156 negatam3
1219 1074 1393 1159 Pelopinni

159 1158 362 1223 theoremata
385 1178 443 1224 sua
466 1159 507 1223 de
528 1158 630 1224 libero
653 1159 787 1224 arbitrio
810 1165 844 1224 et
858 1160 1028 1224 denirium
1042 1160 1237 1224 naturalium
1251 1159 1388 1224 hominis
1440 1192 1442 1198 ·

160 1241 352 1308 sufficientia
367 1244 409 1308 ad
424 1264 516 1309 omne
531 1263 612 1324 opus
627 1245 746 1309 bonum
760 1246 895 1327 tradita,
919 1250 952 1310 et
966 1246 1150 1310 contrahes
1164 1244 1384 1308 Praedan'nn·

159 1330 247 1391 n'ani
258 1329 436 1394 doctrinam
458 1347 549 1395 suam
564 1331 605 1394 de
620 1328 775 1395 electione
796 1331 919 1410 divina,
945 1330 1167 1414 nq‘ormaimee
1188 1328 1308 1411 placita
1328 1349 1387 1395 sua

161 1414 203 1479 de
222 1415 360 1480 hominis
382 1417 499 1481 natural
520 1415 615 1497 plane
638 1416 789 1496 corrupti
805 1422 838 1482 et
852 1417 893 1482 de
904 1414 1134 1498 justificatione
1151 1415 1271 1481 Christi
1284 1417 1388 1497 impu·

159 1504 239 1580 tata,
259 1498 450 1565 Calvinntae
463 1502 656 1567 horrendam
667 1501 845 1568 doctrinam
860 1503 901 1567 de
915 1502 1140 1584 reprobatione
1155 1501 1262 1567 dimna
1274 1507 1333 1567 etc.
1350 1519 1388 1567 ex

160 1584 299 1665 epistola
314 1588 574 1668 nostraprobare
590 1587 696 1652 conati
718 1593 801 1651 sunt.
845 1588 921 1653 Sola
942 1587 1076 1652 ecclesia
1098 1587 1180 1653 cath.
1205 1606 1266 1667 ope
1287 1586 1388 1652 tradi-

158 1671 257 1736 tionis
272 1673 441 1739 continuae
456 1674 561 1739 omnia
574 1671 710 1737 leboiter
725 1673 856 1737 evitavit
870 1672 1036 1753 pericula1

206 1908 242 1992 G)
265 1907 432 1996 Epistulae
446 1909 544 1976 Pauli
558 1909 619 1996 Ap.
634 1910 669 1975 in
683 1908 791 1995 prima
811 1907 1006 1995 captivitate
1021 1907 1167 1976 Romana
1182 1907 1337 1994 scriptae.

526 2080 562 2180 1)
588 2078 752 2175 Epistola
770 2079 817 2152 ad
835 2079 1023 2177 Ephesios.

713 2248 740 2330 s.
761 2249 833 2316 184.

387 2385 435 2435 De
447 2385 573 2448 Epheso
586 2387 619 2436 et
630 2385 670 2437 de
682 2385 796 2448 primis
809 2383 963 2448 epistolae
974 2385 1160 2436 lectoribus.
1246 2443 1250 2450 ,

246 2537 403 2624 Ephesos,
426 2538 500 2600 oliln
515 2539 642 2619 Jone'ae,
663 2538 719 2601 snb
733 2539 948 2602 Romanorum
964 2540 1094 2624 irnperio
1110 2539 1208 2601 Asn'ae
1263 2559 1387 2602 oconsn-

160 2624 243 2687 ἰσιιὶι
265 2635 333 2687 enat
352 2623 539 2707 metropolit.
583 2625 620 2688 ln
642 2624 702 2688 hac
724 2624 877 2703 civitate,
893 2624 1012 2705 templo
1034 2625 1159 2688 Dianae
1181 2642 1216 2689 ce
1230 2623 1388 2688 eberrimt

159 2709 246 2788 (Act.
270 2709 320 2788 19,
344 2709 394 2772 28.
425 2707 558 2772 Ptolem.
574 2708 611 2772 V.
634 2709 692 2788 2.),
715 2708 836 2772 Paulus
857 2710 890 2772 in
912 2711 1051 2774 secundo
1074 2710 1189 2773 itinere
1212 2708 1386 2790 apostolico

158 2794 417 2874 Hierosolymam
430 2792 635 2873 proficiscens
650 2799 795 2874 tempore
809 2812 906 2858 verno
926 2795 1000 2857 anni
1014 2796 1065 2857 54.
1081 2794 1219 2873 primum
1235 2793 1389 2858 ecclesiae

160 2879 404 2944 hmdamentum
419 2878 529 2958 posuit
540 2877 624 2957 (Act.
638 2877 687 2956 18,
704 2879 779 2958 20),
794 2877 938 2942 intentio
954 2883 1063 2942 autem
1077 2879 1192 2942 itinere
1207 2878 1389 2958 peragratis
1457 2935 1460 2944 ,

160 2964 382 3046 superioribus
389 2963 486 3027 Asiae
500 2963 631 3026 minoris
647 2963 831 3044 regionibus
846 2964 950 3027 denuo
963 2963 1049 3026 venit
1056 2963 1221 3042 Ephesum
1230 2961 1389 3042 (tempore

160 3049 325 3114 auctumni
341 3048 485 3129 eJ'usdem
500 3048 604 3128 anni),
629 3053 661 3111 et
675 3047 794 3112 ibidem
809 3067 867 3128 per
882 3047 1044 3113 biennium
1060 3053 1093 3112 et
1107 3053 1175 3112 tres
1190 3065 1316 3112 menses
1331 3047 1389 3112 do-

160 3135 237 3213 cuit,
257 3134 304 3197 ita
318 3139 356 3197 ut
370 3139 441 3198 tota
455 3132 533 3196 Asia
548 3133 680 3197 verbum
696 3133 757 3197 Dei
772 3133 899 3197 audiret
915 3133 999 3213 (Act.
1016 3152 1041 3198 c.
1059 3134 1108 3196 19.
1125 3140 1158 3197 et
1172 3132 1248 3213 20).
1279 3132 1388 3197 Serius

160 3238 200 3284 ex
214 3219 337 3283 Achaia
356 3237 416 3299 per
430 3217 649 3282 Macedoniam
669 3224 701 3282 et
716 3218 826 3282 Asiam
846 3219 1000 3283 minorem
1015 3217 1271 3298 Hierosolymam
1292 3215 1389 3297 profi-

160 3304 283 3368 ciscens
298 3323 361 3368 non
376 3303 463 3367 veuit
479 3302 608 3382 quidem
623 3302 802 3382 Ephesum,
825 3307 968 3368 attamen
987 3303 1194 3384 presbyteros
1209 3302 1389 3383 Ephesinos

160 3390 289 3453 vocavit
304 3387 450 3452 Miletum
467 3387 577 3466 eisque
592 3387 772 3452 valedicens
789 3388 942 3452 ecclesiae
958 3407 1067 3454 curam
1083 3387 1324 3452 commendavit.

246 3474 282 3537 In
306 3471 434 3537 Oenone
457 3477 566 3536 nostro
592 3472 753 3536 invenitur
779 3474 877 3538 etiam
896 3474 1032 3554 epistola
1052 3473 1146 3537 Pauli
1167 3474 1210 3537 ad
1231 3472 1389 3552 Ephesios

159 3558 325 3640 inscripta,
342 3562 375 3622 et
391 3576 461 3621 eam
475 3555 625 3636 Ephesiis
640 3557 770 3620 missam
786 3576 866 3637 esse,
878 3559 946 3639 jam
961 3564 1123 3623 testantur
1137 3583 1161 3620 a.
1178 3557 1322 3643 anati'cn
1334 3557 1389 3635 M,

159 3667 186 3706 s.
202 3645 364 3723 Irenaeos,
388 3641 601 3705 Termllo'anus
617 3646 650 3705 et
664 3665 689 3704 s.
706 3640 947 3726 It’pcjolronc'nm²
968 3644 1053 3708 idem
1070 3644 1200 3707 edicunt
1215 3643 1341 3707 codices
1358 3647 1391 3706 et

159 3727 333 3807 versiones,
356 3745 439 3806 quae
455 3726 482 3804 1,
500 3729 527 3790 l.
543 3727 622 3790 haec
636 3725 736 3790 verba
751 3726 913 3792 exhibent:
943 3729 1077 3806 Παῦλος
1091 3726 1276 3806 ἀπόστολος
1289 3763 1333 3771 -
1347 3763 1389 3772 -

158 3819 232 3890 τοῖς
247 3811 354 3896 ἁγίοις
367 3820 436 3890 τοῖς
451 3809 541 3877 οὖσιν
557 3811 591 3877 ἐν
602 3809 733 3901 Ἐφέσῳ
748 3812 802 3876 καὶ
818 3817 950 3890 πιστοῖς
965 3813 999 3878 ἐν
1015 3821 1075 3899 Χρ.
1089 3810 1200 3901 Ἰησοῦ.
1238 3813 1286 3876 Ex
1301 3813 1389 3878 hisce

159 3903 275 3978 patere
290 3896 427 3976 videtur,
445 3896 613 3978 epistolam
629 3896 706 3960 solis
720 3897 869 3978 Ephesiis
884 3896 983 3962 hrisse
998 3897 1201 3962 destinatam.
1241 3897 1326 3962 Huic
1340 3904 1389 3961 ta-

159 4001 234 4046 men
249 3983 427 4047 sententiae
442 3981 610 4063 sequentia
625 3981 768 4046 obstant:

161 4137 365 4145 *—

231 4237 240 4266 ¹
259 4232 314 4286 Cir.
326 4232 452 4286 Reithma
470 4231 650 4300 rEinleitung
661 4249 688 4299 p.
700 4231 759 4286 599.
772 4247 843 4299 seqq.

230 4299 311 4353 ²s.1
364 4301 419 4353 tius
462 4299 664 4366 .adEphes.c.
680 4302 719 4352 12.

268 4367 294 4421 S.
321 4384 434 4422 lenaeus
447 4368 505 4422 adv.
518 4369 591 4420 haer.
604 4367 637 4420 V.
649 4367 674 4420 2.
698 4365 1098 4440 ΚαθώςὸμακάριοςΠαῦλός
1114 4383 1202 4439 φησιν
1218 4369 1248 4422 ἓν
1265 4369 1298 4442 τῇ
1316 4365 1388 4437 πρὸς

155 4435 309 4507 Ἐφεσίους
320 4437 465 4510 ἐπιστολῇ,
479 4435 521 4490 ὅτι
535 4440 606 4508 μέλη
618 4437 705 4508 ἐσμέν
717 4442 739 4490 l.

265 4503 378 4556 Tertull.
392 4505 450 4558 adv.
463 4503 548 4557 Marc.
561 4502 593 4556 V.
607 4503 648 4557 11.

267 4570 293 4623 S.
305 4570 440 4639 Epiphan.
453 4571 557 4625 haeres.
570 4570 611 4624 42.
623 4588 650 4624 u.
663 4572 687 4624 9.
