3356 5176
393 1369 1109 1521 rnomsonnm.

656 1661 852 1670 ---....

709 1819 737 1901 ε.
763 1821 790 1885 1.

169 1954 271 2005 Notio
283 1955 535 2006 introductionis
547 1955 849 2008 historico-criticae
861 1956 893 2005 ct
906 1957 1130 2022 apologeticae,
1144 1969 1329 2020 supremum

518 2041 585 2101 ejus
596 2041 793 2103 principium
812 2044 844 2092 et
856 2040 982 2092 divisio.

219 2193 413 2259 Introductio
428 2196 462 2258 in
480 2217 588 2258 sacros
601 2195 644 2257 N.
661 2195 696 2258 Τ.
712 2195 807 2258 libros
825 2197 1106 2261 historico-critica
1126 2209 1155 2259 et
1169 2196 1362 2282 apolopetica

138 2291 178 2340 est
202 2302 269 2342 com
296 2280 385 2343 lenus
411 2305 519 2344 earum
543 2283 737 2365 notitiarum,
764 2305 845 2368 quas
869 2295 933 2346 tam
960 2281 1103 2364 historia,
1130 2295 1194 2344 tum
1221 2283 1363 2346 criticum

138 2362 244 2426 horum
264 2304 414 2430 librorum
435 2365 575 2429 studium
595 2367 684 2430 nohis
706 2367 743 2430 de
766 2390 872 2431 eorum
892 2370 1020 2455 oripine,
1045 2390 1148 2452 scopo,
1172 2368 1365 2448 auctoritate,

133 2451 362 2598 propagatione
377 2464 405 2515 et
420 2450 613 2534 collectione,
635 2475 690 2516 nec
705 2476 767 2516 non
782 2453 821 2517 de
836 2453 941 2517 i'nilole
956 2455 1080 2518 interna
1095 2452 1216 2538 etfatis
1231 2454 1365 2517 enteriii's

138 2557 171 2596 sn
220 2559 236 2598 e
261 2538 328 2600 i‘tat.

168 2559 409 2707 ppSupremum
431 2621 667 2686 introductionis
686 2624 901 2708 principium,
928 2648 1038 2688 norma
1060 2622 1124 2710 cajus
1147 2623 1301 2687 directria
1323 2635 1368 2686 est

130 2703 211 2787 fides
228 2706 377 2770 ecclesiae
391 2708 738 2792 Romano-catholicae,
753 2729 827 2773 nam
843 2710 946 2775 eidem
961 2710 1034 2775 libri
1050 2709 1133 2775 sacri
1145 2709 1185 2774 ab
1201 2708 1365 2790 Apostolis

139 2792 251 2856 traditi
273 2798 362 2873 sunt,
385 2794 426 2858 ab
449 2813 487 2858 es
506 2794 729 2875 pretiosissimi
748 2796 892 2860 thesauri
905 2797 1009 2861 instar
1022 2816 1081 2877 per
1096 2796 1295 2861 saeculorum
1310 2795 1365 2859 de-

140 2895 268 2942 cursum
284 2878 418 2944 sollicite
434 2880 587 2945 custoditi
602 2884 713 2945 etune
728 2899 800 2945 cum
815 2882 988 2946 traditione
1004 2888 1092 2947 certa
1112 2882 1152 2946 de
1174 2901 1283 2947 eorum
1303 2881 1365 2944 ori-

88 3033 93 3048 ,
138 2963 210 3043 gine
234 2969 333 3045 atque
359 2965 553 3031 auctoritate
579 2966 773 3044 conservati;
804 2966 873 3047 ejus
897 2967 1008 3047 itaque
1034 2967 1132 3030 solius
1161 2972 1210 3031 est
1236 2966 1276 3030 do
1302 2965 1364 3028 illis

141 3054 374 3130 competentem
389 3049 473 3116 ferre
489 3051 687 3116 sententiam.
723 3051 797 3115 lam
811 3071 887 3116 vero
902 3050 982 3117 fides
997 3052 1052 3116 illa
1068 3051 1220 3115 ecclesiae
1235 3051 1365 3115 disertis

139 3135 245 3200 verbis
260 3135 425 3201 declarata
441 3141 474 3202 et
489 3137 612 3201 sancita
627 3142 677 3200 θεῖ
691 3136 723 3200 in
744 3137 875 3203 concilio
891 3137 1077 3203 Tridentino
1099 3155 1177 3201 sess.
1192 3136 1247 3200 IV.
1262 3137 1295 3200 in
1310 3136 1365 3200 de·

140 3226 225 3286 creto
242 3222 282 3286 de
298 3222 456 3287 canonicis
472 3222 648 3303 seripturis
664 3222 720 3287 ubi
732 3223 815 3288 inter
826 3223 890 3288 alia
900 3224 981 3289 haee
992 3224 1155 3306 leguntur:
1171 3221 1364 3305 „Sacmrum

140 3329 206 3369 uero
228 3307 381 3372 lihrorum
403 3309 537 3373 indicem
558 3308 631 3372 huic
652 3308 770 3373 decreto
794 3310 1036 3374 adscribendum
1058 3311 1177 3374 censuit
1197 3307 1365 3390 (synodus)

141 3413 177 3454 ne
191 3395 246 3456 cui
259 3393 413 3458 dubitatio
429 3395 571 3458 suboriri
575 3397 690 3479 possit,
704 3397 836 3478 quinam
851 3398 924 3477 sint,
936 3398 996 3480 qui
1007 3395 1046 3458 ah
1059 3397 1132 3480 ipsa
1142 3395 1259 3478 synodo
1271 3397 1367 3456 susci-

136 3479 278 3559 piuntur.
309 3477 389 3543 Sunt
409 3504 479 3544 uero
501 3480 594 3564 infra
613 3482 742 3566 scripti:
773 3479 981 3561 (enumeratis
997 3481 1034 3545 V.
1050 3481 1085 3544 T.
1101 3479 1244 3560 scriptis)
1263 3479 1367 3541 Testa-

142 3567 238 3627 menti
249 3566 326 3628 noui
339 3579 477 3650 quatuor
492 3567 654 3651 euanpelia
670 3567 838 3630 secundum
852 3568 1058 3647 Matthaeum,
1074 3566 1229 3644 Marcum,
1246 3565 1367 3626 Lucam

140 3661 165 3710 et
179 3649 334 3713 Joannem
343 3676 354 3732 ,·
378 3663 465 3714 actus
480 3653 701 3736 Apostolorum
721 3677 742 3714 a
757 3653 848 3715 Luca
869 3653 1059 3738 eoanpelista
1079 3651 1264 3734 conscripti,
1288 3672 1365 3734 qua-

142 3735 309 3799 tuordecim
325 3737 473 3820 epistolae
484 3737 588 3801 Pauli
597 3737 759 3822 Apostoli:
778 3738 824 3801 ad
835 3739 1005 3819 Romanos,
1022 3737 1102 3800 duae
1117 3735 1164 3799 ad
1178 3735 1365 3816 Corinthios,

143 3819 185 3882 ad
198 3819 351 3902 Galatas,
372 3822 418 3885 ad
428 3823 596 3908 Ephesios,
617 3823 662 3886 ad
674 3823 909 3909 Philippenses,
933 3822 979 3886 ad
993 3821 1200 3902 Colossenses,
1223 3821 1303 3884 duae
1325 3819 1370 3882 ad

146 3903 439 3989 thessalonicenses,
455 3909 536 3972 iluae
552 3908 597 3971 aii
612 3909 812 3990 Timotheum,
829 3910 875 3973 ad
889 3910 1003 3983 Titum,
1025 3908 1071 3971 ael
1082 3908 1303 3987 Philemonem,
1325 3904 1371 3968 ad

144 3988 300 4056 Hebraeos
305 4017 317 4076 ,·
331 3993 426 4056 Petri
434 3995 582 4079 Apostoli
594 3993 685 4075 duae,
701 3996 837 4058 Joannis
853 3995 1001 4080 Apostoli
1011 4009 1081 4072 tres,
1098 3993 1215 4056 Jacohi
1221 3991 1371 4076 Apostoli

143 4097 222 4158 una,
245 4077 350 4142 Judoe
365 4079 513 4164 Apostoli
529 4104 596 4143 una
617 4095 644 4144 et
664 4080 865 4167 apocalypsis
887 4082 1024 4144 Joannis
1043 4078 1195 4164 Apostoli.
1233 4079 1274 4143 δι’
1295 4078 1367 4160 quis

145 4175 244 4226 autem
271 4163 368 4227 libros
396 4167 482 4250 ipsos
511 4167 646 4251 intepros
670 4190 739 4230 cum
765 4166 908 4230 omnihus
934 4168 1002 4230 suis
1019 4165 1189 4251 partibus,
1212 4175 1311 4248 prout
1333 4164 1368 4224 in

146 4249 269 4311 ecclesia
289 4250 444 4314 catholica
467 4250 530 4336 lepi
549 4266 778 4335 consueverunt,
802 4266 828 4316 et
851 4253 885 4315 in
907 4253 1005 4315 ueteri
1022 4252 1157 4336 Vulpata
1179 4249 1284 4312 latina
1306 4247 1368 4311 edi-

146 4333 220 4396 tione
242 4335 404 4417 hahentur,
466 4358 483 4398 o
506 4340 608 4400 sacris
631 4351 658 4400 et
680 4340 840 4401 canonicis
863 4360 924 4400 non
945 4339 1114 4420 susceperit
1200 4332 1367 4396 anathema

145 4419 213 4480 si‘t.“
233 4456 276 4464 -
299 4420 418 4485 Scienti
442 4441 498 4486 cae
512 4422 623 4504 itaque
637 4423 882 4487 introductionis
896 4424 929 4488 in
944 4442 985 4488 ss.
1001 4421 1039 4485 N.
1056 4421 1090 4484 T.
1106 4420 1205 4484 libros
1221 4420 1272 4483 θεῖ
1285 4418 1367 4482 hanc

147 4504 295 4570 ecclesiae
310 4506 485 4572 catholicae
495 4506 591 4572 fidem
602 4527 640 4572 ac
652 4508 829 4573 doctrinam
841 4528 901 4588 ope
912 4507 1066 4573 historiae
1079 4511 1111 4571 θῖ
1123 4504 1253 4569 criticae
1266 4503 1367 4569 solide

146 4589 311 4670 vindicare,
328 4597 361 4656 θῖ
376 4593 632 4658 adversariorum
647 4599 826 4660 commenta
840 4593 990 4658 refutare.

194 4691 319 4742 (isarnus,
329 4692 414 4731 Introd.
425 4693 450 4732 ln
460 4694 485 4733 N.
498 4693 524 4732 Τ.
535 4694 612 4733 libros.
1148 4692 1163 4743 1
