3314 5166
785 313 851 320 -
896 276 937 340 76
981 314 1048 322 -..-

303 462 376 508 nem
391 443 491 524 ignoti
507 463 604 526 saepe
619 446 759 512 auctoris
775 445 886 527 (Itala,
911 447 1074 529 Peschito)
1091 465 1162 514 esse
1184 445 1375 526 confectam,
1396 446 1439 510 ad
1453 462 1534 510 usus

304 527 537 595 ecclesiasticos
552 536 726 611 receptam,
750 531 852 596 textui
867 533 1014 614 originali
1029 531 1096 598 fere
1111 533 1370 614 aequiparatam,
1392 529 1534 612 posteris

303 614 457 678 traditam
480 622 513 680 et
534 617 614 680 adeo
637 617 792 682 tenaciter
811 622 983 698 retentam,
1010 623 1047 682 ut
1068 635 1171 700 neque
1194 619 1370 684 recentiore
1391 615 1534 697 quadam

305 701 455 780 expungi,
478 719 582 781 neque
597 721 678 767 novo
693 703 846 768 idiomate
861 703 1104 785 quibuscunque
1120 723 1138 768 e
1153 704 1258 768 causis
1274 709 1367 768 enato
1382 699 1536 782 abrogari

303 790 422 865 posset.
465 784 575 852 Novae
597 787 823 853 translationes
845 788 956 858 usibus
976 789 1111 870 privatis
1132 788 1363 868 inserviebant,
1387 793 1419 853 et
1441 786 1535 852 novis

303 869 510 936 idiomatibus
525 873 604 937 ortis
627 873 758 954 liturgia
781 893 852 938 cum
868 875 1013 940 versione
1035 875 1167 956 antiqua
1187 874 1397 940 haereditatis
1412 872 1535 953 pretio-

306 955 450 1020 sissimae
465 956 567 1021 instar
581 963 765 1024 constanter
780 965 812 1024 et
828 978 951 1024 summa
967 980 1038 1026 cum
1053 961 1174 1041 pietate
1190 960 1387 1026 servabatur.
1417 958 1554 1022 axem-1

304 1039 357 1121 plo
373 1041 436 1104 sint
449 1041 529 1123 Syri,
546 1042 650 1126 Copti,
664 1044 847 1126 Aethiopes.
883 1045 1157 1121 Quemadmodum
1167 1045 1293 1125 ludaei,
1309 1063 1408 1126 quum
1422 1043 1536 1124 lingua

304 1124 454 1192 hebraica
465 1128 532 1208 jam
548 1128 603 1192 diu
619 1136 777 1195 cessasset
790 1149 860 1196 esse
871 1131 1049 1210 vemacula,
1065 1137 1187 1196 textum
1199 1150 1362 1196 sacrorum
1377 1129 1536 1194 librorum

306 1211 492 1292 originalem
506 1214 539 1278 in
555 1215 761 1281 conventibus
777 1216 843 1280 suis
859 1217 958 1282 sacris
973 1216 1159 1299 praelegere
1175 1220 1422 1282 consueverunt:
1437 1215 1486 1277 ita
1503 1221 1537 1278 et

304 1297 415 1377 populi
438 1298 602 1364 christiani
624 1300 756 1365 verbum
772 1301 912 1365 divinum
927 1303 1039 1367 audire
1059 1302 1091 1367 in
1106 1302 1227 1368 deliciis
1243 1301 1404 1367 habebant
1417 1300 1535 1364 iisdem

304 1382 449 1532 vossibus,
473 1384 590 1466 quibus
612 1387 680 1450 avis
696 1406 806 1453 eorum
822 1393 891 1452 erat
905 1388 1128 1470 praedicatum
1150 1389 1239 1453 etad
1254 1395 1401 1468 posteros
1416 1403 1536 1468 propa-

303 1487 346 1549 ga
361 1487 423 1532 um.

389 1553 419 1618 4.
441 1555 469 1618 Ε
485 1555 580 1621 dictis
595 1561 709 1637 sponte
723 1564 827 1639 patet,
840 1559 937 1624 *inter
957 1559 1120 1624 versiones
1134 1559 1174 1623 N.
1190 1559 1225 1624 T.
1240 1559 1274 1623 in
1297 1556 1443 1623 omnibus
1466 1557 1536 1622 lere

304 1637 421 1720 linguis
444 1645 606 1707 exstantes
629 1644 671 1706 ad
692 1662 786 1708 usum
802 1644 947 1710 criticum
971 1663 1085 1726 magno
1108 1650 1268 1711 momento
1290 1645 1432 1726 gaudere
1449 1643 1534 1721 illae,

304 1742 388 1804 quae
410 1744 428 1789 e
450 1730 540 1791 textu
562 1728 708 1809 originali
729 1729 918 1810 prodierunt
933 1729 1109 1811 (versiones
1131 1730 1366 1812 immediatae),
1394 1737 1426 1794 et
1449 1729 1536 1794 inter

303 1809 400 1876 hasce
414 1812 654 1896 antiquissimas
669 1814 772 1899 primo
787 1814 855 1884 loco
872 1833 943 1884 csse
957 1816 1130 1901 ponendas.

743 2039 764 2091 1.
782 2039 957 2091 versiones
968 2039 1093 2090 latinae

863 2175 891 2257 ξ.
914 2175 965 2242 53.

687 2325 788 2372 usque
802 2311 843 2363 ad
860 2324 885 2362 s.
898 2312 1143 2373 Hieronymum.

391 2461 418 2527 1.
441 2464 556 2530 Primis
572 2465 708 2531 saeculis
722 2467 755 2530 in
771 2465 904 2531 ecclesia
915 2445 1103 2530 occidentali
1115 2467 1223 2548 plores
1238 2467 1401 2532 exstitisse
1413 2466 1534 2532 versio-

303 2566 360 2613 nes
379 2549 511 2631 latinas,
535 2551 706 2616 edocemur
722 2571 741 2616 a
756 2576 779 2614 s.
795 2552 985 2635 deprecata,
1009 2551 1064 2632 qui
1084 2549 1151 2630 (lib.
1166 2552 1207 2615 ΙΙ.
1224 2570 1249 2616 c.
1267 2552 1315 2614 11.
1332 2553 1371 2617 do
1386 2552 1536 2618 doctrina

304 2633 491 2717 christiana)
514 2636 605 2701 dicit:
631 2637 720 2718 „Qut
740 2639 914 2721 acre'ptaras
937 2660 975 2700 ea
996 2637 1143 2699 hebraica
1163 2639 1197 2699 e're
1208 2660 1356 2722 praeeant
1378 2650 1537 2700 verterant

306 2717 461 2801 linquam,
484 2725 647 2784 camerari
656 2737 801 2806 poseant,
823 2722 920 2785 latini
932 2736 1033 2785 autern
1050 2724 1230 2807 r'rtterpretas
1245 2721 1330 2785 nullo
1345 2721 1443 2786 moda.
1497 2723 1536 2787 Ut

304 2807 385 2868 corba
402 2808 547 2891 car'qaarn
565 2810 682 2892 primis
694 2807 780 2892 fida
791 2807 977 2891 temporibus
992 2809 1025 2870 e'a
1041 2831 1154 2871 marrae
1173 2809 1255 2871 verrit
1278 2806 1375 2871 codar
1386 2831 1535 2894 graecas,

304 2903 331 2954 et
356 2891 587 2976 aliquantulam
605 2893 778 2978 facultatis
802 2893 862 2956 aba·
884 2893 1048 2976 utriusque
1073 2893 1198 2978 lr'aqacae
1224 2893 1336 2956 habere
1361 2893 1535 2972 vr'drbarar,

305 2999 399 3039 uaeas
416 2990 460 3039 est
473 2978 723 3062 tnarprerori.“1
745 3015 789 3024 —
812 2979 901 3043 Idem
917 2978 1014 3043 etiam
1034 2983 1174 3043 testatur
1189 3003 1211 3041 s.
1228 2977 1456 3063 Hieronymus,
1480 2978 1535 3059 qui

302 3062 335 3126 in
358 3063 463 3143 specie
486 3064 526 3127 de
548 3064 693 3144 pluribus
715 3063 754 3127 N.
776 3064 810 3128 T.
835 3063 1064 3145 interpretibus
1084 3063 1191 3128 latinis
1214 3063 1387 3144 loquitur.²
1430 3065 1532 3129 Porro

304 3148 403 3212 citata
425 3149 457 3211 in
481 3148 608 3229 scriptis
624 3149 757 3213 Patrum
777 3149 949 3213 latinorum
972 3166 1052 3214 saec.
1069 3149 1143 3228 Ill,
1166 3149 1220 3213 lV.
1238 3149 1382 3214 et'etiam
1397 3149 1435 3214 V.
1451 3150 1532 3214 adeo

304 3233 499 3312 discordant,
515 3240 552 3298 ut
570 3235 622 3298 vix
638 3253 655 3299 e
670 3235 767 3298 variis
782 3234 876 3298 unius
892 3234 1099 3315 ejusdemque
1118 3234 1273 3300 versionis
1289 3234 1532 3317 exemplaribus,

305 3319 363 3384 sed
377 3319 502 3384 nonnisi
518 3338 535 3384 e
550 3319 696 3400 pluribus
711 3319 909 3385 versionibus
925 3320 1041 3383 hausta
1057 3320 1178 3385 censeri
1196 3320 1329 3400 possint.

390 3404 514 3468 Harum
529 3410 637 3470 autem
651 3405 833 3471 versionum
848 3423 958 3486 unam,
974 3405 1101 3488 Italam,
1116 3410 1153 3469 ut
1164 3406 1231 3487 jam
1246 3424 1360 3471 nomen
1374 3405 1478 3470 innuit
1503 3406 1535 3470 in

304 3489 400 3553 Italia
416 3489 605 3572 confectam,
631 3491 747 3557 ceteris
761 3491 1029 3573 praestantiorem
1043 3490 1157 3571 fuisse,
1181 3492 1275 3556 docet
1289 3516 1312 3554 s.
1330 3493 1535 3576 depascebas,

306 3574 361 3655 qui
375 3573 428 3639 lib.
445 3576 485 3640 II.
503 3594 527 3641 a.
546 3578 594 3641 16.
611 3579 651 3643 de
663 3577 763 3642 doctr.
780 3577 886 3642 christ.
903 3577 964 3641 ait:
978 3574 1038 3658 „Ira
1054 3578 1133 3661 e'psc‘s
1147 3600 1216 3640 aero
1232 3576 1535 3656 e'roterpretatcboibas

303 3659 534 3725 Itala³cetera1s
547 3663 758 3748 praeferatur
765 3687 776 3744 ;
799 3687 874 3725 aare
889 3677 933 3725 est
947 3662 1110 3726 verboram
1125 3662 1263 3726 tenacior
1278 3685 1348 3723 cara
1359 3663 1535 3747 perspicui·

304 3759 367 3808 tare
389 3748 588 3811 sententiam
637 3749 667 3814 S.
692 3748 892 3830 Augustinus
916 3748 1027 3829 itaque
1051 3747 1133 3812 duas
1155 3747 1398 3830 praerogativas
1421 3747 1535 3812 tribuit

304 3831 444 3897 versioni
458 3833 569 3914 Italae,
585 3853 681 3915 quam
696 3833 776 3899 alias
791 3835 951 3914 arctatam,
967 3852 991 3898 s.
1006 3833 1221 3915 Hieronymus
1236 3833 1395 3918 arlpatam
1410 3838 1444 3898 et
1459 3855 1534 3896 eom-

375 4021 384 4051 ¹
403 4016 457 4071 Cir.
470 4017 533 4072 ibid.
547 4033 569 4070 c.
583 4019 624 4071 10.
638 4035 663 4071 n.
678 4019 726 4082 13,
739 4018 773 4071 de
785 4016 892 4071 civitate
905 4017 956 4071 Dei
968 4017 1041 4071 XIX.
1056 4017 1095 4071 17.

285 4141 287 4144 .
372 4087 384 4119 ²
401 4086 433 4139 In
451 4085 617 4153 praefatione
629 4087 657 4139 in
669 4086 686 4139 4
698 4085 836 4155 evangelia
847 4085 896 4139 ait:
918 4086 963 4150 „Si
976 4092 1065 4139 autem
1078 4085 1177 4140 veritas
1190 4092 1231 4140 est
1244 4085 1397 4166 quaerenda
1408 4085 1442 4138 de
1453 4084 1533 4153 pluri-

306 4156 365 4218 bus,
379 4171 427 4208 cur
439 4170 492 4208 non
503 4154 538 4208 ad
550 4169 674 4223 graecam
687 4155 815 4222 originem
832 4160 1001 4209 revertentes
1014 4169 1053 4220 ea,
1066 4169 1134 4221 quae
1147 4154 1190 4208 vel
1202 4170 1219 4207 a
1230 4155 1332 4208 vitiosis
1344 4153 1532 4222 interpretibus

305 4223 376 4278 male
388 4222 494 4276 reddita
506 4229 569 4277 sunt
580 4253 614 4262 —
626 4251 659 4260 —
671 4253 705 4262 —
717 4223 893 4291 corrigimus?
917 4222 1011 4291 Neque
1023 4238 1072 4291 ego
1085 4222 1118 4276 de
1136 4223 1220 4277 veteri
1232 4222 1339 4291 disputo
1350 4223 1531 4283 instrumento,

306 4292 340 4345 de
352 4291 385 4345 N.
401 4292 431 4344 T.
445 4292 546 4361 loquor,
560 4291 630 4360 quod
641 4307 768 4412 graecum
780 4306 840 4346 esse
853 4307 907 4346 non
919 4290 1030 4345 dubium
1042 4296 1109 4345 est.“

374 4364 384 4395 ³
402 4361 513 4424 „Itala“
532 4360 560 4413 in
576 4360 593 4412 l.
608 4376 630 4414 c.
654 4359 785 4427 egendum
805 4375 879 4425 esse,
899 4375 951 4413 non
963 4365 1053 4413 autem
1066 4376 1127 4413 cum
1139 4359 1253 4428 Bentley
1266 4358 1388 4426 (Einleit.
1401 4358 1429 4411 in
1442 4358 1489 4413 das
1500 4355 1531 4410 N.

305 4428 351 4492 Τ.)
364 4429 397 4481 ob
410 4429 489 4481 unius
501 4429 600 4483 codicis
613 4428 801 4482 auctoritatem
814 4427 902 4494 „illa“,
916 4433 963 4482 aut
975 4444 1036 4482 cum
1043 4429 1136 4482 Potter
1149 4428 1289 4492 „usitata“,
1301 4426 1363 4481 inde
1374 4433 1457 4495 patet,
1467 4427 1532 4496 quia

307 4497 329 4550 si
342 4495 421 4550 lectio
433 4496 513 4562 „illa“
525 4497 726 4562 admitteretur,
750 4512 863 4565 sequens
876 4501 970 4562 „nam“
983 4503 1055 4551 esset
1072 4497 1206 4565 ineptum,
1228 4502 1255 4550 et
1272 4495 1352 4551 lectio
1364 4493 1533 4562 „usiadem

306 4565 382 4623 nullo
394 4563 486 4618 codice
497 4580 608 4634 operum
622 4582 642 4624 s.
655 4566 724 4635 Aug.
737 4565 879 4620 invenitur.
