<?xml version="1.0" encoding="UTF-8"?>
<!DOCTYPE html PUBLIC "-//W3C//DTD XHTML 1.0 Transitional//EN"
    "http://www.w3.org/TR/xhtml1/DTD/xhtml1-transitional.dtd">
<html xmlns="http://www.w3.org/1999/xhtml" xml:lang="en" lang="en">
 <head>
  <title>
</title>
<meta http-equiv="Content-Type" content="text/html;charset=utf-8" />
  <meta name='ocr-system' content='tesseract 3.04.00' />
  <meta name='ocr-capabilities' content='ocr_page ocr_carea ocr_par ocr_line ocrx_word'/>
</head>
<body>
  <div class='ocr_page' id='page_1' title='image "./introductioinsa00gngoog_0078.png"; bbox 0 0 3356 5176; ppageno 0'>
   <div class='ocr_carea' id='block_1_1' title="bbox 600 303 862 367">
    <p class='ocr_par' dir='ltr' id='par_1_1' title="bbox 600 303 862 367">
     <span class='ocr_line' id='line_1_1' title="bbox 600 303 862 367; baseline -0.008 -19"><span class='ocrx_word' id='word_1_1' title='bbox 600 303 862 367; x_wconf 56' lang='lat'>„63—</span> 
     </span>
    </p>
   </div>
   <div class='ocr_carea' id='block_1_2' title="bbox 126 472 1342 1412">
    <p class='ocr_par' dir='ltr' id='par_1_2' title="bbox 126 472 1342 1412">
     <span class='ocr_line' id='line_1_2' title="bbox 129 472 1341 558; baseline -0.005 -18"><span class='ocrx_word' id='word_1_2' title='bbox 129 477 273 558; x_wconf 87' lang='lat' dir='ltr'>majorem</span> <span class='ocrx_word' id='word_1_3' title='bbox 287 493 397 540; x_wconf 87' lang='lat' dir='ltr'>curam</span> <span class='ocrx_word' id='word_1_4' title='bbox 412 493 483 540; x_wconf 91' lang='lat' dir='ltr'>esse</span> <span class='ocrx_word' id='word_1_5' title='bbox 496 474 681 555; x_wconf 81' lang='lat' dir='ltr'>impensam,</span> <span class='ocrx_word' id='word_1_6' title='bbox 696 478 767 537; x_wconf 91' lang='lat' dir='ltr'>tuto</span> <span class='ocrx_word' id='word_1_7' title='bbox 781 491 945 538; x_wconf 89' lang='lat' dir='ltr'>assereree</span> <span class='ocrx_word' id='word_1_8' title='bbox 959 473 1042 538; x_wconf 88' lang='lat' dir='ltr'>licet.</span> <span class='ocrx_word' id='word_1_9' title='bbox 1065 474 1117 539; x_wconf 87' lang='lat' dir='ltr'>Sic</span> <span class='ocrx_word' id='word_1_10' title='bbox 1127 475 1170 538; x_wconf 91' lang='lat' dir='ltr'>ad</span> <span class='ocrx_word' id='word_1_11' title='bbox 1182 472 1341 538; x_wconf 89' lang='lat' dir='ltr'>exaranda</span> 
     </span>
     <span class='ocr_line' id='line_1_3' title="bbox 128 559 1340 642; baseline -0.006 -16"><span class='ocrx_word' id='word_1_12' title='bbox 128 563 167 626; x_wconf 81' lang='lat'>50</span> <span class='ocrx_word' id='word_1_13' title='bbox 180 561 234 626; x_wconf 91' lang='lat' dir='ltr'>illa</span> <span class='ocrx_word' id='word_1_14' title='bbox 245 561 275 624; x_wconf 95' lang='lat' dir='ltr'>N</span> <span class='ocrx_word' id='word_1_15' title='bbox 277 612 283 624; x_wconf 95' lang='lat'>.</span> <span class='ocrx_word' id='word_1_16' title='bbox 300 561 334 624; x_wconf 88' lang='lat' dir='ltr'>T.</span> <span class='ocrx_word' id='word_1_17' title='bbox 351 560 559 642; x_wconf 89' lang='lat' dir='ltr'>exemplaria,</span> <span class='ocrx_word' id='word_1_18' title='bbox 583 578 665 640; x_wconf 91' lang='lat' dir='ltr'>quae</span> <span class='ocrx_word' id='word_1_19' title='bbox 681 559 907 623; x_wconf 81' lang='lat' dir='ltr'>Constantinus</span> <span class='ocrx_word' id='word_1_20' title='bbox 923 559 965 622; x_wconf 92' lang='grc' dir='ltr'>Μ.</span> <span class='ocrx_word' id='word_1_21' title='bbox 980 559 1013 622; x_wconf 92' lang='lat' dir='ltr'>in</span> <span class='ocrx_word' id='word_1_22' title='bbox 1026 578 1120 624; x_wconf 89' lang='lat' dir='ltr'>usum</span> <span class='ocrx_word' id='word_1_23' title='bbox 1136 559 1340 624; x_wconf 89' lang='lat' dir='ltr'>ecclesiarum</span> 
     </span>
     <span class='ocr_line' id='line_1_4' title="bbox 127 643 1341 728; baseline -0.005 -17"><span class='ocrx_word' id='word_1_24' title='bbox 127 647 303 728; x_wconf 82' lang='lat' dir='ltr'>metropolis</span> <span class='ocrx_word' id='word_1_25' title='bbox 318 665 396 711; x_wconf 88' lang='lat' dir='ltr'>suae</span> <span class='ocrx_word' id='word_1_26' title='bbox 411 646 579 710; x_wconf 90' lang='lat' dir='ltr'>scribenda</span> <span class='ocrx_word' id='word_1_27' title='bbox 595 645 726 725; x_wconf 88' lang='lat' dir='ltr'>curavit,</span> <span class='ocrx_word' id='word_1_28' title='bbox 740 643 900 709; x_wconf 86' lang='lat' dir='ltr'>Eusebius</span> <span class='ocrx_word' id='word_1_29' title='bbox 914 644 1025 725; x_wconf 91' lang='lat' dir='ltr'>procul</span> <span class='ocrx_word' id='word_1_30' title='bbox 1040 645 1138 709; x_wconf 93' lang='lat' dir='ltr'>dubio</span> <span class='ocrx_word' id='word_1_31' title='bbox 1153 645 1223 710; x_wconf 93' lang='lat' dir='ltr'>illos</span> <span class='ocrx_word' id='word_1_32' title='bbox 1244 643 1341 723; x_wconf 91' lang='lat' dir='ltr'>elegit</span> 
     </span>
     <span class='ocr_line' id='line_1_5' title="bbox 127 729 1341 812; baseline -0.004 -16"><span class='ocrx_word' id='word_1_33' title='bbox 127 731 276 811; x_wconf 72' lang='lat' dir='ltr'>librarios</span> <span class='ocrx_word' id='word_1_34' title='bbox 292 731 430 812; x_wconf 89' lang='lat' dir='ltr'>quitum</span> <span class='ocrx_word' id='word_1_35' title='bbox 446 730 637 795; x_wconf 83' lang='lat' dir='ltr'>dexteritate</span> <span class='ocrx_word' id='word_1_36' title='bbox 653 729 806 809; x_wconf 69' lang='lat' dir='ltr'>celebres</span> <span class='ocrx_word' id='word_1_37' title='bbox 821 736 891 794; x_wconf 91' lang='lat' dir='ltr'>tum</span> <span class='ocrx_word' id='word_1_38' title='bbox 905 729 1070 810; x_wconf 79' lang='lat' dir='ltr'>dihgentia</span> <span class='ocrx_word' id='word_1_39' title='bbox 1083 731 1224 812; x_wconf 89' lang='lat' dir='ltr'>insignes</span> <span class='ocrx_word' id='word_1_40' title='bbox 1240 735 1341 807; x_wconf 88' lang='lat' dir='ltr'>erant,</span> 
     </span>
     <span class='ocr_line' id='line_1_6' title="bbox 128 814 1342 898; baseline -0.005 -16"><span class='ocrx_word' id='word_1_41' title='bbox 128 825 209 882; x_wconf 90' lang='lat' dir='ltr'>etex</span> <span class='ocrx_word' id='word_1_42' title='bbox 228 817 314 882; x_wconf 89' lang='lat' dir='ltr'>hisce</span> <span class='ocrx_word' id='word_1_43' title='bbox 336 816 569 898; x_wconf 86' lang='lat' dir='ltr'>exemplaribus</span> <span class='ocrx_word' id='word_1_44' title='bbox 591 815 861 880; x_wconf 82' lang='lat' dir='ltr'>consentientibus</span> <span class='ocrx_word' id='word_1_45' title='bbox 876 814 1150 898; x_wconf 85' lang='lat' dir='ltr'>Constantinopoli</span> <span class='ocrx_word' id='word_1_46' title='bbox 1172 815 1259 881; x_wconf 89' lang='lat' dir='ltr'>etin</span> <span class='ocrx_word' id='word_1_47' title='bbox 1282 815 1342 878; x_wconf 92' lang='lat' dir='ltr'>cir-</span> 
     </span>
     <span class='ocr_line' id='line_1_7' title="bbox 127 900 1341 985; baseline -0.003 -17"><span class='ocrx_word' id='word_1_48' title='bbox 127 903 210 968; x_wconf 88' lang='lat' dir='ltr'>cuitu</span> <span class='ocrx_word' id='word_1_49' title='bbox 225 902 325 968; x_wconf 90' lang='lat' dir='ltr'>serius</span> <span class='ocrx_word' id='word_1_50' title='bbox 340 902 525 985; x_wconf 88' lang='lat' dir='ltr'>apographa</span> <span class='ocrx_word' id='word_1_51' title='bbox 539 901 739 966; x_wconf 88' lang='lat' dir='ltr'>accuratiora</span> <span class='ocrx_word' id='word_1_52' title='bbox 753 901 949 982; x_wconf 90' lang='lat' dir='ltr'>prodierunt.</span> <span class='ocrx_word' id='word_1_53' title='bbox 993 900 1101 965; x_wconf 89' lang='lat' dir='ltr'>Etiam</span> <span class='ocrx_word' id='word_1_54' title='bbox 1120 901 1153 965; x_wconf 95' lang='lat' dir='ltr'>in</span> <span class='ocrx_word' id='word_1_55' title='bbox 1174 901 1246 965; x_wconf 90' lang='lat' dir='ltr'>aliis</span> <span class='ocrx_word' id='word_1_56' title='bbox 1268 919 1341 980; x_wconf 90' lang='lat' dir='ltr'>pro-</span> 
     </span>
     <span class='ocr_line' id='line_1_8' title="bbox 126 986 1342 1054; baseline -0.003 -2"><span class='ocrx_word' id='word_1_57' title='bbox 126 989 232 1054; x_wconf 92' lang='lat' dir='ltr'>vinciis</span> <span class='ocrx_word' id='word_1_58' title='bbox 246 988 400 1053; x_wconf 87' lang='lat' dir='ltr'>ecclesiae</span> <span class='ocrx_word' id='word_1_59' title='bbox 415 987 577 1052; x_wconf 86' lang='lat' dir='ltr'>antistites</span> <span class='ocrx_word' id='word_1_60' title='bbox 592 987 693 1051; x_wconf 91' lang='lat' dir='ltr'>textui</span> <span class='ocrx_word' id='word_1_61' title='bbox 709 1004 800 1050; x_wconf 88' lang='lat' dir='ltr'>sacro</span> <span class='ocrx_word' id='word_1_62' title='bbox 814 986 848 1049; x_wconf 94' lang='lat' dir='ltr'>in</span> <span class='ocrx_word' id='word_1_63' title='bbox 863 987 983 1052; x_wconf 91' lang='lat' dir='ltr'>ditione</span> <span class='ocrx_word' id='word_1_64' title='bbox 998 1005 1057 1050; x_wconf 92' lang='lat' dir='ltr'>sua</span> <span class='ocrx_word' id='word_1_65' title='bbox 1071 986 1192 1052; x_wconf 90' lang='lat' dir='ltr'>usitato</span> <span class='ocrx_word' id='word_1_66' title='bbox 1212 1003 1342 1050; x_wconf 90' lang='lat' dir='ltr'>accura-</span> 
     </span>
     <span class='ocr_line' id='line_1_9' title="bbox 126 1069 1341 1154; baseline -0.002 -17"><span class='ocrx_word' id='word_1_67' title='bbox 126 1074 187 1138; x_wconf 92' lang='lat' dir='ltr'>tius</span> <span class='ocrx_word' id='word_1_68' title='bbox 202 1075 356 1140; x_wconf 90' lang='lat' dir='ltr'>servando</span> <span class='ocrx_word' id='word_1_69' title='bbox 371 1072 570 1154; x_wconf 83' lang='lat' dir='ltr'>invigilasse,</span> <span class='ocrx_word' id='word_1_70' title='bbox 592 1072 666 1137; x_wconf 93' lang='lat' dir='ltr'>inde</span> <span class='ocrx_word' id='word_1_71' title='bbox 685 1072 752 1152; x_wconf 78' lang='lat' dir='ltr'>Jam</span> <span class='ocrx_word' id='word_1_72' title='bbox 768 1071 915 1152; x_wconf 81' lang='lat' dir='ltr'>colligere</span> <span class='ocrx_word' id='word_1_73' title='bbox 930 1071 1020 1151; x_wconf 91' lang='lat' dir='ltr'>licet,</span> <span class='ocrx_word' id='word_1_74' title='bbox 1043 1072 1129 1152; x_wconf 91' lang='lat' dir='ltr'>quod</span> <span class='ocrx_word' id='word_1_75' title='bbox 1146 1089 1265 1136; x_wconf 89' lang='lat' dir='ltr'>canone</span> <span class='ocrx_word' id='word_1_76' title='bbox 1279 1069 1341 1134; x_wconf 90' lang='lat' dir='ltr'>fixo</span> 
     </span>
     <span class='ocr_line' id='line_1_10' title="bbox 127 1155 1341 1224; baseline -0.004 -1"><span class='ocrx_word' id='word_1_77' title='bbox 127 1177 283 1224; x_wconf 74' lang='lat' dir='ltr'>sauronam</span> <span class='ocrx_word' id='word_1_78' title='bbox 298 1159 452 1224; x_wconf 92' lang='lat' dir='ltr'>librorum</span> <span class='ocrx_word' id='word_1_79' title='bbox 467 1159 629 1222; x_wconf 91' lang='lat' dir='ltr'>veneratio</span> <span class='ocrx_word' id='word_1_80' title='bbox 646 1163 715 1222; x_wconf 91' lang='lat' dir='ltr'>erat</span> <span class='ocrx_word' id='word_1_81' title='bbox 730 1164 833 1221; x_wconf 90' lang='lat' dir='ltr'>aucta.</span> <span class='ocrx_word' id='word_1_82' title='bbox 870 1156 1082 1222; x_wconf 90' lang='lat' dir='ltr'>Nihilominus</span> <span class='ocrx_word' id='word_1_83' title='bbox 1097 1163 1204 1222; x_wconf 90' lang='lat' dir='ltr'>tamen</span> <span class='ocrx_word' id='word_1_84' title='bbox 1227 1155 1341 1221; x_wconf 91' lang='lat' dir='ltr'>sollici-</span> 
     </span>
     <span class='ocr_line' id='line_1_11' title="bbox 126 1241 1341 1324; baseline -0.003 -16"><span class='ocrx_word' id='word_1_85' title='bbox 126 1246 199 1309; x_wconf 92' lang='lat' dir='ltr'>tudo</span> <span class='ocrx_word' id='word_1_86' title='bbox 215 1245 368 1310; x_wconf 89' lang='lat' dir='ltr'>ecclesiae</span> <span class='ocrx_word' id='word_1_87' title='bbox 382 1244 497 1308; x_wconf 90' lang='lat' dir='ltr'>menda</span> <span class='ocrx_word' id='word_1_88' title='bbox 511 1262 574 1308; x_wconf 92' lang='lat' dir='ltr'>non</span> <span class='ocrx_word' id='word_1_89' title='bbox 588 1243 682 1324; x_wconf 90' lang='lat' dir='ltr'>plane</span> <span class='ocrx_word' id='word_1_90' title='bbox 697 1261 807 1308; x_wconf 88' lang='lat' dir='ltr'>arcere</span> <span class='ocrx_word' id='word_1_91' title='bbox 828 1248 972 1323; x_wconf 89' lang='lat' dir='ltr'>poterat,</span> <span class='ocrx_word' id='word_1_92' title='bbox 994 1242 1166 1323; x_wconf 80' lang='lat' dir='ltr'>praecipue</span> <span class='ocrx_word' id='word_1_93' title='bbox 1188 1242 1220 1305; x_wconf 92' lang='lat' dir='ltr'>in</span> <span class='ocrx_word' id='word_1_94' title='bbox 1242 1241 1341 1320; x_wconf 91' lang='lat' dir='ltr'>libris,</span> 
     </span>
     <span class='ocr_line' id='line_1_12' title="bbox 127 1328 641 1412; baseline -0.002 -18"><span class='ocrx_word' id='word_1_95' title='bbox 127 1331 176 1411; x_wconf 89' lang='lat' dir='ltr'>qui</span> <span class='ocrx_word' id='word_1_96' title='bbox 189 1330 262 1396; x_wconf 90' lang='lat' dir='ltr'>usui</span> <span class='ocrx_word' id='word_1_97' title='bbox 275 1331 402 1412; x_wconf 92' lang='lat' dir='ltr'>privato</span> <span class='ocrx_word' id='word_1_98' title='bbox 417 1328 641 1394; x_wconf 91' lang='lat' dir='ltr'>inserviebant.</span> 
     </span>
    </p>
   </div>
   <div class='ocr_carea' id='block_1_3' title="bbox 679 1549 781 1630">
    <p class='ocr_par' dir='ltr' id='par_1_3' title="bbox 679 1549 781 1630">
     <span class='ocr_line' id='line_1_13' title="bbox 679 1549 781 1630; baseline 0 -16"><span class='ocrx_word' id='word_1_99' title='bbox 679 1549 707 1630; x_wconf 72' lang='lat' dir='ltr'>s.</span> <span class='ocrx_word' id='word_1_100' title='bbox 728 1549 781 1614; x_wconf 86' lang='lat'>46.</span> 
     </span>
    </p>
   </div>
   <div class='ocr_carea' id='block_1_4' title="bbox 156 1685 1305 1834">
    <p class='ocr_par' dir='ltr' id='par_1_4' title="bbox 156 1685 1305 1834">
     <span class='ocr_line' id='line_1_14' title="bbox 156 1685 1305 1748; baseline -0.001 -9"><span class='ocrx_word' id='word_1_101' title='bbox 156 1688 201 1740; x_wconf 90' lang='lat' dir='ltr'>De</span> <span class='ocrx_word' id='word_1_102' title='bbox 213 1688 448 1740; x_wconf 83' lang='lat' dir='ltr'>mutationibus</span> <span class='ocrx_word' id='word_1_103' title='bbox 460 1689 586 1747; x_wconf 88' lang='lat' dir='ltr'>textus,</span> <span class='ocrx_word' id='word_1_104' title='bbox 602 1699 683 1748; x_wconf 86' lang='lat' dir='ltr'>quae</span> <span class='ocrx_word' id='word_1_105' title='bbox 695 1687 756 1737; x_wconf 90' lang='grc' dir='ltr'>ΠΙ.</span> <span class='ocrx_word' id='word_1_106' title='bbox 769 1687 804 1735; x_wconf 92' lang='lat' dir='ltr'>in</span> <span class='ocrx_word' id='word_1_107' title='bbox 816 1686 951 1748; x_wconf 81' lang='lat' dir='ltr'>singulis</span> <span class='ocrx_word' id='word_1_108' title='bbox 964 1685 1032 1745; x_wconf 87' lang='lat' dir='ltr'>ejus</span> <span class='ocrx_word' id='word_1_109' title='bbox 1043 1688 1259 1738; x_wconf 79' lang='lat' dir='ltr'>monumentis</span> <span class='ocrx_word' id='word_1_110' title='bbox 1271 1690 1305 1738; x_wconf 88' lang='lat' dir='ltr'>et</span> 
     </span>
     <span class='ocr_line' id='line_1_15' title="bbox 544 1773 917 1834; baseline 0.005 -13"><span class='ocrx_word' id='word_1_111' title='bbox 544 1773 711 1834; x_wconf 85' lang='lat' dir='ltr'>speciebus</span> <span class='ocrx_word' id='word_1_112' title='bbox 729 1775 917 1823; x_wconf 86' lang='lat' dir='ltr'>evenerunt.</span> 
     </span>
    </p>
   </div>
   <div class='ocr_carea' id='block_1_5' title="bbox 124 1925 1377 4232">
    <p class='ocr_par' dir='ltr' id='par_1_5' title="bbox 124 1925 1377 3118">
     <span class='ocr_line' id='line_1_16' title="bbox 203 1925 1341 2011; baseline -0.002 -20"><span class='ocrx_word' id='word_1_113' title='bbox 203 1930 240 2011; x_wconf 81' lang='lat' dir='ltr'>a)</span> <span class='ocrx_word' id='word_1_114' title='bbox 264 1928 301 1992; x_wconf 93' lang='lat' dir='ltr'>In</span> <span class='ocrx_word' id='word_1_115' title='bbox 317 1926 450 2008; x_wconf 89' lang='lat' dir='ltr'>singulis</span> <span class='ocrx_word' id='word_1_116' title='bbox 465 1925 636 1996; x_wconf 89' lang='lat' dir='ltr'>codicibus.</span> <span class='ocrx_word' id='word_1_117' title='bbox 673 1925 830 2006; x_wconf 86' lang='lat' dir='ltr'>Tempore</span> <span class='ocrx_word' id='word_1_118' title='bbox 845 1925 971 2006; x_wconf 89' lang='lat' dir='ltr'>seriori,</span> <span class='ocrx_word' id='word_1_119' title='bbox 993 1925 1141 1990; x_wconf 92' lang='lat' dir='ltr'>nimirum</span> <span class='ocrx_word' id='word_1_120' title='bbox 1163 1931 1237 2006; x_wconf 92' lang='lat' dir='ltr'>post</span> <span class='ocrx_word' id='word_1_121' title='bbox 1259 1944 1341 1990; x_wconf 87' lang='lat' dir='ltr'>saec.</span> 
     </span>
     <span class='ocr_line' id='line_1_17' title="bbox 130 2010 1342 2092; baseline 0 -16"><span class='ocrx_word' id='word_1_122' title='bbox 130 2013 158 2077; x_wconf 89' lang='lat' dir='ltr'>ll.</span> <span class='ocrx_word' id='word_1_123' title='bbox 179 2014 334 2079; x_wconf 90' lang='lat' dir='ltr'>lectiones</span> <span class='ocrx_word' id='word_1_124' title='bbox 356 2012 474 2076; x_wconf 89' lang='lat' dir='ltr'>latinae</span> <span class='ocrx_word' id='word_1_125' title='bbox 496 2011 598 2076; x_wconf 92' lang='lat' dir='ltr'>textui</span> <span class='ocrx_word' id='word_1_126' title='bbox 619 2028 734 2092; x_wconf 90' lang='lat' dir='ltr'>graeco</span> <span class='ocrx_word' id='word_1_127' title='bbox 757 2010 1020 2076; x_wconf 91' lang='lat' dir='ltr'>obtrudebantur.</span> <span class='ocrx_word' id='word_1_128' title='bbox 1072 2011 1124 2075; x_wconf 86' lang='lat' dir='ltr'>Sic</span> <span class='ocrx_word' id='word_1_129' title='bbox 1145 2030 1173 2074; x_wconf 94' lang='lat' dir='ltr'>v.</span> <span class='ocrx_word' id='word_1_130' title='bbox 1196 2031 1225 2092; x_wconf 94' lang='lat' dir='ltr'>g.</span> <span class='ocrx_word' id='word_1_131' title='bbox 1247 2010 1342 2076; x_wconf 88' lang='lat' dir='ltr'>lectio</span> 
     </span>
     <span class='ocr_line' id='line_1_18' title="bbox 131 2095 1342 2180; baseline -0.002 -18"><span class='ocrx_word' id='word_1_132' title='bbox 131 2098 227 2180; x_wconf 85' lang='lat' dir='ltr'>latina,</span> <span class='ocrx_word' id='word_1_133' title='bbox 245 2117 329 2179; x_wconf 90' lang='lat' dir='ltr'>quae</span> <span class='ocrx_word' id='word_1_134' title='bbox 343 2098 363 2162; x_wconf 88' lang='lat' dir='ltr'>J</span> <span class='ocrx_word' id='word_1_135' title='bbox 366 2118 393 2163; x_wconf 92' lang='lat' dir='ltr'>o.</span> <span class='ocrx_word' id='word_1_136' title='bbox 405 2099 441 2178; x_wconf 82' lang='lat'>3,</span> <span class='ocrx_word' id='word_1_137' title='bbox 454 2097 483 2160; x_wconf 89' lang='lat'>6.</span> <span class='ocrx_word' id='word_1_138' title='bbox 495 2097 562 2178; x_wconf 89' lang='lat' dir='ltr'>jam</span> <span class='ocrx_word' id='word_1_139' title='bbox 577 2097 663 2178; x_wconf 93' lang='lat' dir='ltr'>apud</span> <span class='ocrx_word' id='word_1_140' title='bbox 682 2095 912 2160; x_wconf 90' lang='lat' dir='ltr'>Tertullianum</span> <span class='ocrx_word' id='word_1_141' title='bbox 928 2103 999 2160; x_wconf 90' lang='lat' dir='ltr'>ets.</span> <span class='ocrx_word' id='word_1_142' title='bbox 1015 2097 1219 2161; x_wconf 91' lang='lat' dir='ltr'>Ambrosium</span> <span class='ocrx_word' id='word_1_143' title='bbox 1234 2114 1342 2160; x_wconf 89' lang='lat' dir='ltr'>occur-</span> 
     </span>
     <span class='ocr_line' id='line_1_19' title="bbox 133 2181 1343 2267; baseline -0.003 -19"><span class='ocrx_word' id='word_1_144' title='bbox 133 2183 176 2248; x_wconf 80' lang='lat' dir='ltr'>nt:</span> <span class='ocrx_word' id='word_1_145' title='bbox 198 2184 307 2267; x_wconf 79' lang='lat' dir='ltr'>„Caro</span> <span class='ocrx_word' id='word_1_146' title='bbox 324 2195 375 2264; x_wconf 82' lang='lat' dir='ltr'>cst,</span> <span class='ocrx_word' id='word_1_147' title='bbox 393 2184 470 2266; x_wconf 78' lang='lat' dir='ltr'>qaia</span> <span class='ocrx_word' id='word_1_148' title='bbox 484 2205 523 2244; x_wconf 79' lang='lat' dir='ltr'>em</span> <span class='ocrx_word' id='word_1_149' title='bbox 538 2205 632 2244; x_wconf 79' lang='lat' dir='ltr'>corne</span> <span class='ocrx_word' id='word_1_150' title='bbox 646 2193 738 2244; x_wconf 81' lang='lat' dir='ltr'>natus</span> <span class='ocrx_word' id='word_1_151' title='bbox 753 2195 812 2263; x_wconf 84' lang='lat' dir='ltr'>est,</span> <span class='ocrx_word' id='word_1_152' title='bbox 826 2217 870 2226; x_wconf 84' lang='lat'>-</span> <span class='ocrx_word' id='word_1_153' title='bbox 883 2218 926 2226; x_wconf 94' lang='lat'><em>-</em></span> <span class='ocrx_word' id='word_1_154' title='bbox 940 2183 1071 2266; x_wconf 78' lang='lat' dir='ltr'>spr&#39;rc‘tae</span> <span class='ocrx_word' id='word_1_155' title='bbox 1085 2195 1141 2264; x_wconf 82' lang='lat' dir='ltr'>est,</span> <span class='ocrx_word' id='word_1_156' title='bbox 1164 2183 1241 2266; x_wconf 73' lang='lat' dir='ltr'>quia</span> <span class='ocrx_word' id='word_1_157' title='bbox 1255 2181 1343 2244; x_wconf 82' lang='lat' dir='ltr'>Deus</span> 
     </span>
     <span class='ocr_line' id='line_1_20' title="bbox 131 2264 1342 2354; baseline -0.002 -21"><span class='ocrx_word' id='word_1_158' title='bbox 131 2272 250 2354; x_wconf 54' lang='lat' dir='ltr'>pratus</span> <span class='ocrx_word' id='word_1_159' title='bbox 265 2281 309 2332; x_wconf 75' lang='lat' dir='ltr'>cst</span> <span class='ocrx_word' id='word_1_160' title='bbox 324 2281 352 2330; x_wconf 78' lang='lat' dir='ltr'>aa</span> <span class='ocrx_word' id='word_1_161' title='bbox 367 2267 404 2330; x_wconf 84' lang='lat' dir='ltr'>de</span> <span class='ocrx_word' id='word_1_162' title='bbox 419 2267 594 2330; x_wconf 73' lang='lat' dir='ltr'>Debemus</span> <span class='ocrx_word' id='word_1_163' title='bbox 610 2264 684 2349; x_wconf 82' lang='lat' dir='ltr'>est,“</span> <span class='ocrx_word' id='word_1_164' title='bbox 699 2266 868 2331; x_wconf 86' lang='lat' dir='ltr'>maximam</span> <span class='ocrx_word' id='word_1_165' title='bbox 882 2273 1008 2349; x_wconf 91' lang='lat' dir='ltr'>partem</span> <span class='ocrx_word' id='word_1_166' title='bbox 1019 2268 1146 2332; x_wconf 89' lang='lat' dir='ltr'>transiit</span> <span class='ocrx_word' id='word_1_167' title='bbox 1156 2269 1190 2332; x_wconf 93' lang='lat' dir='ltr'>in</span> <span class='ocrx_word' id='word_1_168' title='bbox 1202 2267 1342 2332; x_wconf 87' lang='lat' dir='ltr'>codicem</span> 
     </span>
     <span class='ocr_line' id='line_1_21' title="bbox 130 2352 1343 2440; baseline 0.002 -24"><span class='ocrx_word' id='word_1_169' title='bbox 130 2355 189 2419; x_wconf 81' lang='grc'><strong>161.</strong></span> <span class='ocrx_word' id='word_1_170' title='bbox 204 2353 440 2420; x_wconf 90' lang='lat' dir='ltr'>Berberianum</span> <span class='ocrx_word' id='word_1_171' title='bbox 456 2373 474 2417; x_wconf 94' lang='lat' dir='ltr'>e</span> <span class='ocrx_word' id='word_1_172' title='bbox 489 2371 571 2418; x_wconf 88' lang='lat' dir='ltr'>saec.</span> <span class='ocrx_word' id='word_1_173' title='bbox 587 2353 659 2432; x_wconf 89' lang='lat' dir='ltr'>XI.;</span> <span class='ocrx_word' id='word_1_174' title='bbox 678 2371 752 2416; x_wconf 91' lang='lat' dir='ltr'>nam</span> <span class='ocrx_word' id='word_1_175' title='bbox 767 2359 841 2434; x_wconf 92' lang='lat' dir='ltr'>post</span> <span class='ocrx_word' id='word_1_176' title='bbox 855 2354 953 2418; x_wconf 90' lang='lat' dir='ltr'>verba</span> <span class='ocrx_word' id='word_1_177' title='bbox 973 2353 1055 2440; x_wconf 83' lang='grc' dir='ltr'><em>σάρξ</em></span> <span class='ocrx_word' id='word_1_178' title='bbox 1069 2352 1139 2420; x_wconf 80' lang='grc' dir='ltr'><strong><em>ἐστι</em></strong></span> <span class='ocrx_word' id='word_1_179' title='bbox 1159 2358 1192 2418; x_wconf 91' lang='lat' dir='ltr'>et</span> <span class='ocrx_word' id='word_1_180' title='bbox 1213 2353 1343 2438; x_wconf 80' lang='grc' dir='ltr'><em>πνεῦμά</em></span> 
     </span>
     <span class='ocr_line' id='line_1_22' title="bbox 130 2431 1343 2528; baseline -0.002 -22"><span class='ocrx_word' id='word_1_181' title='bbox 130 2439 189 2506; x_wconf 74' lang='grc' dir='ltr'><strong><em>ἐστι</em></strong></span> <span class='ocrx_word' id='word_1_182' title='bbox 209 2439 417 2505; x_wconf 91' lang='lat' dir='ltr'>inveniuntur</span> <span class='ocrx_word' id='word_1_183' title='bbox 439 2438 673 2504; x_wconf 89' lang='lat' dir='ltr'>additamenta:</span> <span class='ocrx_word' id='word_1_184' title='bbox 692 2431 711 2505; x_wconf 82' lang='lat' dir='ltr'>‘d</span> <span class='ocrx_word' id='word_1_185' title='bbox 734 2437 770 2504; x_wconf 76' lang='grc' dir='ltr'>ἐκ</span> <span class='ocrx_word' id='word_1_186' title='bbox 790 2442 847 2528; x_wconf 79' lang='grc' dir='ltr'>τῆς</span> <span class='ocrx_word' id='word_1_187' title='bbox 868 2439 987 2527; x_wconf 84' lang='grc' dir='ltr'><strong><em>σαρκὸς</em></strong></span> <span class='ocrx_word' id='word_1_188' title='bbox 1005 2438 1170 2528; x_wconf 74' lang='grc' dir='ltr'><em>ἐγεννήθη,</em></span> <span class='ocrx_word' id='word_1_189' title='bbox 1185 2474 1228 2482; x_wconf 86' lang='grc'><strong>-</strong></span> <span class='ocrx_word' id='word_1_190' title='bbox 1243 2435 1292 2506; x_wconf 77' lang='grc' dir='ltr'>ὅτι</span> <span class='ocrx_word' id='word_1_191' title='bbox 1307 2437 1343 2504; x_wconf 76' lang='grc' dir='ltr'>ἐκ</span> 
     </span>
     <span class='ocr_line' id='line_1_23' title="bbox 128 2524 1342 2608; baseline -0.001 -20"><span class='ocrx_word' id='word_1_192' title='bbox 128 2529 175 2592; x_wconf 79' lang='lat' dir='ltr'>rob</span> <span class='ocrx_word' id='word_1_193' title='bbox 191 2524 383 2608; x_wconf 76' lang='grc' dir='ltr'><strong><em>πνεύματός</em></strong></span> <span class='ocrx_word' id='word_1_194' title='bbox 398 2524 492 2591; x_wconf 76' lang='grc' dir='ltr'><strong><em>ἐστιν.</em></strong></span> <span class='ocrx_word' id='word_1_195' title='bbox 538 2524 575 2588; x_wconf 93' lang='lat' dir='ltr'>In</span> <span class='ocrx_word' id='word_1_196' title='bbox 590 2524 699 2590; x_wconf 91' lang='lat' dir='ltr'>codice</span> <span class='ocrx_word' id='word_1_197' title='bbox 712 2524 810 2588; x_wconf 89' lang='lat' dir='ltr'>hocce</span> <span class='ocrx_word' id='word_1_198' title='bbox 825 2529 948 2588; x_wconf 89' lang='lat' dir='ltr'>textum</span> <span class='ocrx_word' id='word_1_199' title='bbox 962 2543 1112 2606; x_wconf 89' lang='lat' dir='ltr'>graecum</span> <span class='ocrx_word' id='word_1_200' title='bbox 1127 2531 1160 2590; x_wconf 90' lang='lat' dir='ltr'>ct</span> <span class='ocrx_word' id='word_1_201' title='bbox 1175 2524 1304 2605; x_wconf 90' lang='lat' dir='ltr'>quidem</span> <span class='ocrx_word' id='word_1_202' title='bbox 1322 2542 1342 2588; x_wconf 96' lang='lat' dir='ltr'>a</span> 
     </span>
     <span class='ocr_line' id='line_1_24' title="bbox 128 2608 1343 2692; baseline 0.001 -20"><span class='ocrx_word' id='word_1_203' title='bbox 128 2609 253 2676; x_wconf 89' lang='lat' dir='ltr'>librario</span> <span class='ocrx_word' id='word_1_204' title='bbox 268 2629 383 2692; x_wconf 88' lang='lat' dir='ltr'>graeco</span> <span class='ocrx_word' id='word_1_205' title='bbox 398 2610 535 2674; x_wconf 92' lang='lat' dir='ltr'>versioni</span> <span class='ocrx_word' id='word_1_206' title='bbox 549 2610 668 2674; x_wconf 89' lang='lat' dir='ltr'>latinae</span> <span class='ocrx_word' id='word_1_207' title='bbox 683 2608 913 2675; x_wconf 85' lang='lat' dir='ltr'>conformatum</span> <span class='ocrx_word' id='word_1_208' title='bbox 932 2629 1018 2689; x_wconf 90' lang='lat' dir='ltr'>esse,</span> <span class='ocrx_word' id='word_1_209' title='bbox 1040 2616 1181 2675; x_wconf 89' lang='lat' dir='ltr'>testatur</span> <span class='ocrx_word' id='word_1_210' title='bbox 1202 2609 1343 2675; x_wconf 88' lang='lat' dir='ltr'>scholion</span> 
     </span>
     <span class='ocr_line' id='line_1_25' title="bbox 128 2689 1377 2777; baseline 0.001 -19"><span class='ocrx_word' id='word_1_211' title='bbox 128 2697 163 2759; x_wconf 83' lang='lat' dir='ltr'>ad</span> <span class='ocrx_word' id='word_1_212' title='bbox 176 2699 228 2762; x_wconf 87' lang='lat' dir='ltr'>Jo.</span> <span class='ocrx_word' id='word_1_213' title='bbox 247 2697 282 2775; x_wconf 80' lang='lat' dir='ltr'>T,</span> <span class='ocrx_word' id='word_1_214' title='bbox 304 2697 372 2776; x_wconf 58' lang='lat'>29„</span> <span class='ocrx_word' id='word_1_215' title='bbox 395 2695 450 2759; x_wconf 89' lang='lat' dir='ltr'>ubi</span> <span class='ocrx_word' id='word_1_216' title='bbox 465 2697 507 2760; x_wconf 91' lang='lat' dir='ltr'>ad</span> <span class='ocrx_word' id='word_1_217' title='bbox 522 2695 665 2777; x_wconf 70' lang='lat' dir='ltr'>genuina,</span> <span class='ocrx_word' id='word_1_218' title='bbox 673 2701 781 2760; x_wconf 91' lang='lat' dir='ltr'>textus</span> <span class='ocrx_word' id='word_1_219' title='bbox 796 2696 910 2759; x_wconf 89' lang='lat' dir='ltr'>verba:</span> <span class='ocrx_word' id='word_1_220' title='bbox 932 2695 987 2761; x_wconf 81' lang='grc' dir='ltr'>καὶ</span> <span class='ocrx_word' id='word_1_221' title='bbox 1003 2689 1079 2762; x_wconf 81' lang='grc' dir='ltr'><em>οἶδα</em></span> <span class='ocrx_word' id='word_1_222' title='bbox 1094 2693 1191 2764; x_wconf 78' lang='grc' dir='ltr'><strong><em>αὐτόν</em></strong></span> <span class='ocrx_word' id='word_1_223' title='bbox 1206 2715 1224 2760; x_wconf 92' lang='lat' dir='ltr'>e</span> <span class='ocrx_word' id='word_1_224' title='bbox 1238 2696 1274 2775; x_wconf 87' lang='lat'>8,</span> <span class='ocrx_word' id='word_1_225' title='bbox 1289 2696 1341 2760; x_wconf 79' lang='lat'>55.</span> <span class='ocrx_word' id='word_1_226' title='bbox 1374 2703 1377 2712; x_wconf 91' lang='lat'>&#39;</span> 
     </span>
     <span class='ocr_line' id='line_1_26' title="bbox 125 2774 1341 2868; baseline 0.002 -24"><span class='ocrx_word' id='word_1_227' title='bbox 125 2783 266 2848; x_wconf 84' lang='lat' dir='ltr'>additur:</span> <span class='ocrx_word' id='word_1_228' title='bbox 281 2782 335 2847; x_wconf 84' lang='grc' dir='ltr'>καὶ</span> <span class='ocrx_word' id='word_1_229' title='bbox 351 2781 408 2848; x_wconf 76' lang='grc' dir='ltr'>ἐὰν</span> <span class='ocrx_word' id='word_1_230' title='bbox 420 2778 516 2862; x_wconf 79' lang='grc' dir='ltr'><em>εἴπω,</em></span> <span class='ocrx_word' id='word_1_231' title='bbox 533 2777 584 2848; x_wconf 79' lang='grc' dir='ltr'>ὅτι</span> <span class='ocrx_word' id='word_1_232' title='bbox 598 2778 656 2847; x_wconf 78' lang='grc' dir='ltr'>οὐκ</span> <span class='ocrx_word' id='word_1_233' title='bbox 670 2774 745 2847; x_wconf 81' lang='grc' dir='ltr'><em>οἶδα</em></span> <span class='ocrx_word' id='word_1_234' title='bbox 761 2777 865 2860; x_wconf 73' lang='grc' dir='ltr'><em>αὐτὸν,</em></span> <span class='ocrx_word' id='word_1_235' title='bbox 883 2779 1001 2864; x_wconf 74' lang='grc' dir='ltr'><em>ἔσομαι</em></span> <span class='ocrx_word' id='word_1_236' title='bbox 1017 2777 1140 2864; x_wconf 84' lang='grc' dir='ltr'>ὁμοίως</span> <span class='ocrx_word' id='word_1_237' title='bbox 1154 2779 1247 2864; x_wconf 79' lang='grc' dir='ltr'><em>ὑμῶν</em></span> <span class='ocrx_word' id='word_1_238' title='bbox 1259 2780 1341 2868; x_wconf 77' lang='grc' dir='ltr'><em>ψεύ-</em></span> 
     </span>
     <span class='ocr_line' id='line_1_27' title="bbox 126 2862 1342 2957; baseline -0.001 -25"><span class='ocrx_word' id='word_1_239' title='bbox 126 2891 210 2957; x_wconf 78' lang='grc' dir='ltr'><strong><em>στης,</em></strong></span> <span class='ocrx_word' id='word_1_240' title='bbox 239 2873 272 2931; x_wconf 85' lang='lat' dir='ltr'>et</span> <span class='ocrx_word' id='word_1_241' title='bbox 290 2867 323 2931; x_wconf 93' lang='lat' dir='ltr'>in</span> <span class='ocrx_word' id='word_1_242' title='bbox 342 2867 485 2947; x_wconf 84' lang='lat' dir='ltr'>margine</span> <span class='ocrx_word' id='word_1_243' title='bbox 508 2867 697 2930; x_wconf 86' lang='lat' dir='ltr'>adnotatur:</span> <span class='ocrx_word' id='word_1_244' title='bbox 720 2862 767 2943; x_wconf 81' lang='grc' dir='ltr'>εἰς</span> <span class='ocrx_word' id='word_1_245' title='bbox 787 2866 826 2932; x_wconf 77' lang='grc' dir='ltr'>τὸ</span> <span class='ocrx_word' id='word_1_246' title='bbox 848 2866 1015 2949; x_wconf 80' lang='grc' dir='ltr'><em>ῥωμαϊκὸν</em></span> <span class='ocrx_word' id='word_1_247' title='bbox 1036 2862 1222 2949; x_wconf 75' lang='grc' dir='ltr'><em>εὐαγγέλιον</em></span> <span class='ocrx_word' id='word_1_248' title='bbox 1243 2868 1342 2932; x_wconf 77' lang='grc' dir='ltr'><strong><em>τοῦτο</em></strong></span> 
     </span>
     <span class='ocr_line' id='line_1_28' title="bbox 124 2949 1341 3036; baseline -0.002 -20"><span class='ocrx_word' id='word_1_249' title='bbox 124 2951 232 3036; x_wconf 78' lang='grc' dir='ltr'><em>εὑρών.</em></span> <span class='ocrx_word' id='word_1_250' title='bbox 276 2950 564 3033; x_wconf 63' lang='grc' dir='ltr'>Αωρῆᾗοῆῖίοῃθηι</span> <span class='ocrx_word' id='word_1_251' title='bbox 578 2951 676 3014; x_wconf 92' lang='lat' dir='ltr'>trium</span> <span class='ocrx_word' id='word_1_252' title='bbox 690 2951 823 3014; x_wconf 90' lang='lat' dir='ltr'>testium</span> <span class='ocrx_word' id='word_1_253' title='bbox 836 2951 869 3013; x_wconf 94' lang='lat' dir='ltr'>in</span> <span class='ocrx_word' id='word_1_254' title='bbox 885 2949 972 3014; x_wconf 92' lang='lat' dir='ltr'>coelo</span> <span class='ocrx_word' id='word_1_255' title='bbox 987 2950 1012 3013; x_wconf 94' lang='lat' dir='ltr'>l.</span> <span class='ocrx_word' id='word_1_256' title='bbox 1028 2950 1049 3013; x_wconf 85' lang='lat' dir='ltr'>J</span> <span class='ocrx_word' id='word_1_257' title='bbox 1051 2969 1078 3014; x_wconf 96' lang='lat' dir='ltr'>o.</span> <span class='ocrx_word' id='word_1_258' title='bbox 1093 2950 1131 3029; x_wconf 89' lang='lat'>5,</span> <span class='ocrx_word' id='word_1_259' title='bbox 1148 2950 1176 3012; x_wconf 81' lang='grc'>7.</span> <span class='ocrx_word' id='word_1_260' title='bbox 1191 2969 1259 3014; x_wconf 87' lang='lat' dir='ltr'>non·</span> <span class='ocrx_word' id='word_1_261' title='bbox 1269 2968 1341 3013; x_wconf 93' lang='lat' dir='ltr'>con-</span> 
     </span>
     <span class='ocr_line' id='line_1_29' title="bbox 125 3035 756 3118; baseline 0 -19"><span class='ocrx_word' id='word_1_262' title='bbox 125 3038 231 3118; x_wconf 89' lang='lat' dir='ltr'>tinent,</span> <span class='ocrx_word' id='word_1_263' title='bbox 247 3038 309 3103; x_wconf 91' lang='lat' dir='ltr'>nisi</span> <span class='ocrx_word' id='word_1_264' title='bbox 324 3037 449 3102; x_wconf 88' lang='lat' dir='ltr'>codices</span> <span class='ocrx_word' id='word_1_265' title='bbox 463 3035 571 3118; x_wconf 88' lang='lat' dir='ltr'>graeci</span> <span class='ocrx_word' id='word_1_266' title='bbox 582 3035 756 3118; x_wconf 85' lang='lat' dir='ltr'>juniores¹</span> 
     </span>
    </p>

    <p class='ocr_par' dir='ltr' id='par_1_6' title="bbox 124 3118 1341 3462">
     <span class='ocr_line' id='line_1_30' title="bbox 201 3118 1341 3203; baseline -0.006 -14"><span class='ocrx_word' id='word_1_267' title='bbox 201 3124 287 3189; x_wconf 92' lang='lat' dir='ltr'>Hinc</span> <span class='ocrx_word' id='word_1_268' title='bbox 301 3123 463 3190; x_wconf 79' lang='lat' dir='ltr'>nonnulli²</span> <span class='ocrx_word' id='word_1_269' title='bbox 478 3122 632 3203; x_wconf 89' lang='lat' dir='ltr'>suspicati</span> <span class='ocrx_word' id='word_1_270' title='bbox 646 3128 736 3200; x_wconf 90' lang='lat' dir='ltr'>sunt,</span> <span class='ocrx_word' id='word_1_271' title='bbox 759 3121 856 3186; x_wconf 91' lang='lat' dir='ltr'>etiam</span> <span class='ocrx_word' id='word_1_272' title='bbox 870 3121 902 3184; x_wconf 93' lang='lat' dir='ltr'>in</span> <span class='ocrx_word' id='word_1_273' title='bbox 924 3118 1157 3201; x_wconf 90' lang='lat' dir='ltr'>antiquioribus</span> <span class='ocrx_word' id='word_1_274' title='bbox 1179 3118 1341 3184; x_wconf 88' lang='lat' dir='ltr'>codicibus</span> 
     </span>
     <span class='ocr_line' id='line_1_31' title="bbox 124 3205 1341 3290; baseline -0.002 -19"><span class='ocrx_word' id='word_1_275' title='bbox 124 3227 179 3273; x_wconf 93' lang='lat' dir='ltr'>non</span> <span class='ocrx_word' id='word_1_276' title='bbox 192 3216 321 3274; x_wconf 89' lang='lat' dir='ltr'>tantum</span> <span class='ocrx_word' id='word_1_277' title='bbox 335 3208 583 3290; x_wconf 75' lang='lat' dir='ltr'>graeco-latinis</span> <span class='ocrx_word' id='word_1_278' title='bbox 598 3207 655 3272; x_wconf 89' lang='lat' dir='ltr'>sed</span> <span class='ocrx_word' id='word_1_279' title='bbox 670 3207 767 3272; x_wconf 89' lang='lat' dir='ltr'>etiam</span> <span class='ocrx_word' id='word_1_280' title='bbox 781 3208 814 3271; x_wconf 93' lang='lat' dir='ltr'>in</span> <span class='ocrx_word' id='word_1_281' title='bbox 829 3206 899 3271; x_wconf 90' lang='lat' dir='ltr'>aliis</span> <span class='ocrx_word' id='word_1_282' title='bbox 914 3213 1037 3271; x_wconf 90' lang='lat' dir='ltr'>textum</span> <span class='ocrx_word' id='word_1_283' title='bbox 1052 3224 1202 3288; x_wconf 89' lang='lat' dir='ltr'>graecum</span> <span class='ocrx_word' id='word_1_284' title='bbox 1214 3225 1232 3270; x_wconf 91' lang='lat' dir='ltr'>e</span> <span class='ocrx_word' id='word_1_285' title='bbox 1242 3205 1341 3269; x_wconf 90' lang='lat' dir='ltr'>latino</span> 
     </span>
     <span class='ocr_line' id='line_1_32' title="bbox 125 3291 1341 3375; baseline -0.002 -19"><span class='ocrx_word' id='word_1_286' title='bbox 125 3311 187 3360; x_wconf 87' lang='lat' dir='ltr'>esse</span> <span class='ocrx_word' id='word_1_287' title='bbox 210 3299 386 3373; x_wconf 91' lang='lat' dir='ltr'>mutatum,</span> <span class='ocrx_word' id='word_1_288' title='bbox 413 3294 488 3375; x_wconf 90' lang='lat' dir='ltr'>quia</span> <span class='ocrx_word' id='word_1_289' title='bbox 508 3294 592 3358; x_wconf 90' lang='lat' dir='ltr'>inter</span> <span class='ocrx_word' id='word_1_290' title='bbox 613 3300 785 3373; x_wconf 88' lang='lat' dir='ltr'>utrumque</span> <span class='ocrx_word' id='word_1_291' title='bbox 806 3292 839 3356; x_wconf 92' lang='lat' dir='ltr'>in</span> <span class='ocrx_word' id='word_1_292' title='bbox 863 3291 1139 3374; x_wconf 89' lang='lat' dir='ltr'>peculiaritatibus</span> <span class='ocrx_word' id='word_1_293' title='bbox 1164 3301 1341 3358; x_wconf 89' lang='lat' dir='ltr'>memoratu</span> 
     </span>
     <span class='ocr_line' id='line_1_33' title="bbox 126 3373 1207 3462; baseline -0.006 -20"><span class='ocrx_word' id='word_1_294' title='bbox 126 3379 314 3462; x_wconf 89' lang='lat' dir='ltr'>dignissimis</span> <span class='ocrx_word' id='word_1_295' title='bbox 330 3380 429 3444; x_wconf 91' lang='lat' dir='ltr'>mirus</span> <span class='ocrx_word' id='word_1_296' title='bbox 443 3373 639 3444; x_wconf 82' lang='lat' dir='ltr'>inveniretur</span> <span class='ocrx_word' id='word_1_297' title='bbox 654 3397 834 3443; x_wconf 90' lang='lat' dir='ltr'>consensus.</span> <span class='ocrx_word' id='word_1_298' title='bbox 1201 3425 1207 3436; x_wconf 95' lang='lat'>.</span> 
     </span>
    </p>

    <p class='ocr_par' dir='ltr' id='par_1_7' title="bbox 125 3460 1343 4232">
     <span class='ocr_line' id='line_1_34' title="bbox 202 3460 1339 3545; baseline -0.003 -17"><span class='ocrx_word' id='word_1_299' title='bbox 202 3467 266 3529; x_wconf 89' lang='lat' dir='ltr'>Ast</span> <span class='ocrx_word' id='word_1_300' title='bbox 286 3465 366 3530; x_wconf 90' lang='lat' dir='ltr'>haec</span> <span class='ocrx_word' id='word_1_301' title='bbox 387 3465 525 3545; x_wconf 88' lang='lat' dir='ltr'>suspicio</span> <span class='ocrx_word' id='word_1_302' title='bbox 552 3465 637 3529; x_wconf 91' lang='lat' dir='ltr'>omni</span> <span class='ocrx_word' id='word_1_303' title='bbox 661 3464 867 3528; x_wconf 85' lang='lat' dir='ltr'>fundamento</span> <span class='ocrx_word' id='word_1_304' title='bbox 891 3470 994 3543; x_wconf 82' lang='lat' dir='ltr'>caret3</span> <span class='ocrx_word' id='word_1_305' title='bbox 1022 3462 1139 3528; x_wconf 91' lang='lat' dir='ltr'>etenim</span> <span class='ocrx_word' id='word_1_306' title='bbox 1166 3463 1201 3544; x_wconf 85' lang='grc' dir='ltr'>α)</span> <span class='ocrx_word' id='word_1_307' title='bbox 1224 3460 1339 3525; x_wconf 88' lang='lat' dir='ltr'>Patres</span> 
     </span>
     <span class='ocr_line' id='line_1_35' title="bbox 125 3547 1340 3632; baseline -0.001 -21"><span class='ocrx_word' id='word_1_308' title='bbox 125 3548 209 3616; x_wconf 90' lang='lat' dir='ltr'>latini</span> <span class='ocrx_word' id='word_1_309' title='bbox 225 3551 361 3615; x_wconf 92' lang='lat' dir='ltr'>maxime</span> <span class='ocrx_word' id='word_1_310' title='bbox 375 3550 515 3632; x_wconf 88' lang='lat' dir='ltr'>insignes</span> <span class='ocrx_word' id='word_1_311' title='bbox 531 3557 564 3615; x_wconf 90' lang='lat' dir='ltr'>et</span> <span class='ocrx_word' id='word_1_312' title='bbox 579 3550 767 3631; x_wconf 65' lang='lat' dir='ltr'>scriptores</span> <span class='ocrx_word' id='word_1_313' title='bbox 789 3554 827 3612; x_wconf 93' lang='lat' dir='ltr'>ut</span> <span class='ocrx_word' id='word_1_314' title='bbox 842 3549 1071 3627; x_wconf 90' lang='lat' dir='ltr'>Tertullianus,</span> <span class='ocrx_word' id='word_1_315' title='bbox 1095 3567 1119 3612; x_wconf 91' lang='lat' dir='ltr'>s.</span> <span class='ocrx_word' id='word_1_316' title='bbox 1134 3547 1293 3627; x_wconf 78' lang='lat' dir='ltr'>HilariuS,</span> <span class='ocrx_word' id='word_1_317' title='bbox 1316 3566 1340 3610; x_wconf 91' lang='lat' dir='ltr'>s.</span> 
     </span>
     <span class='ocr_line' id='line_1_36' title="bbox 127 3631 1343 3717; baseline -0.001 -19"><span class='ocrx_word' id='word_1_318' title='bbox 127 3635 323 3716; x_wconf 81' lang='lat' dir='ltr'>Ambrosius,</span> <span class='ocrx_word' id='word_1_319' title='bbox 347 3655 370 3699; x_wconf 93' lang='lat' dir='ltr'>s.</span> <span class='ocrx_word' id='word_1_320' title='bbox 386 3636 614 3717; x_wconf 90' lang='lat' dir='ltr'>Hieronymus,</span> <span class='ocrx_word' id='word_1_321' title='bbox 638 3654 662 3700; x_wconf 91' lang='lat' dir='ltr'>s.</span> <span class='ocrx_word' id='word_1_322' title='bbox 683 3633 897 3716; x_wconf 91' lang='lat' dir='ltr'>Augustinus,</span> <span class='ocrx_word' id='word_1_323' title='bbox 922 3639 1105 3699; x_wconf 88' lang='lat' dir='ltr'>constanter</span> <span class='ocrx_word' id='word_1_324' title='bbox 1126 3631 1343 3714; x_wconf 88' lang='lat' dir='ltr'>sequebantur</span> 
     </span>
     <span class='ocr_line' id='line_1_37' title="bbox 125 3718 1341 3804; baseline 0 -22"><span class='ocrx_word' id='word_1_325' title='bbox 125 3723 279 3803; x_wconf 88' lang='lat' dir='ltr'>regulam:</span> <span class='ocrx_word' id='word_1_326' title='bbox 299 3727 422 3786; x_wconf 90' lang='lat' dir='ltr'>textum</span> <span class='ocrx_word' id='word_1_327' title='bbox 437 3740 587 3804; x_wconf 88' lang='lat' dir='ltr'>graecum</span> <span class='ocrx_word' id='word_1_328' title='bbox 602 3739 673 3785; x_wconf 88' lang='lat' dir='ltr'>esse</span> <span class='ocrx_word' id='word_1_329' title='bbox 687 3719 806 3784; x_wconf 82' lang='lat' dir='ltr'>iontem</span> <span class='ocrx_word' id='word_1_330' title='bbox 820 3719 926 3800; x_wconf 90' lang='lat' dir='ltr'>latini,</span> <span class='ocrx_word' id='word_1_331' title='bbox 942 3720 1077 3799; x_wconf 92' lang='lat' dir='ltr'>ideoque</span> <span class='ocrx_word' id='word_1_332' title='bbox 1092 3719 1254 3784; x_wconf 88' lang='lat' dir='ltr'>versiones</span> <span class='ocrx_word' id='word_1_333' title='bbox 1269 3718 1341 3782; x_wconf 90' lang='lat' dir='ltr'>lati-</span> 
     </span>
     <span class='ocr_line' id='line_1_38' title="bbox 127 3804 1342 3890; baseline 0.001 -22"><span class='ocrx_word' id='word_1_334' title='bbox 127 3825 208 3873; x_wconf 89' lang='lat' dir='ltr'>nase</span> <span class='ocrx_word' id='word_1_335' title='bbox 222 3813 312 3873; x_wconf 92' lang='lat' dir='ltr'>textu</span> <span class='ocrx_word' id='word_1_336' title='bbox 327 3825 441 3889; x_wconf 91' lang='lat' dir='ltr'>graeco</span> <span class='ocrx_word' id='word_1_337' title='bbox 457 3826 528 3872; x_wconf 87' lang='lat' dir='ltr'>esse</span> <span class='ocrx_word' id='word_1_338' title='bbox 543 3806 772 3883; x_wconf 90' lang='lat' dir='ltr'>emendandas;</span> <span class='ocrx_word' id='word_1_339' title='bbox 787 3805 822 3890; x_wconf 81' lang='grc' dir='ltr'>β)</span> <span class='ocrx_word' id='word_1_340' title='bbox 839 3805 994 3886; x_wconf 86' lang='lat' dir='ltr'>ejnsmodi</span> <span class='ocrx_word' id='word_1_341' title='bbox 1003 3804 1166 3884; x_wconf 72' lang='lat' dir='ltr'>lectiones</span> <span class='ocrx_word' id='word_1_342' title='bbox 1181 3805 1215 3868; x_wconf 92' lang='lat' dir='ltr'>in</span> <span class='ocrx_word' id='word_1_343' title='bbox 1226 3804 1342 3885; x_wconf 88' lang='lat' dir='ltr'>quibus</span> 
     </span>
     <span class='ocr_line' id='line_1_39' title="bbox 127 3890 1342 3974; baseline -0.001 -20"><span class='ocrx_word' id='word_1_344' title='bbox 127 3897 228 3958; x_wconf 89' lang='lat' dir='ltr'>textus</span> <span class='ocrx_word' id='word_1_345' title='bbox 246 3911 380 3974; x_wconf 88' lang='lat' dir='ltr'>graecus</span> <span class='ocrx_word' id='word_1_346' title='bbox 403 3899 436 3957; x_wconf 91' lang='lat' dir='ltr'>et</span> <span class='ocrx_word' id='word_1_347' title='bbox 456 3892 575 3957; x_wconf 89' lang='lat' dir='ltr'>latinus</span> <span class='ocrx_word' id='word_1_348' title='bbox 598 3891 783 3970; x_wconf 90' lang='lat' dir='ltr'>concordat,</span> <span class='ocrx_word' id='word_1_349' title='bbox 811 3891 908 3955; x_wconf 92' lang='lat' dir='ltr'>etiam</span> <span class='ocrx_word' id='word_1_350' title='bbox 928 3891 961 3954; x_wconf 93' lang='lat' dir='ltr'>in</span> <span class='ocrx_word' id='word_1_351' title='bbox 976 3890 1104 3954; x_wconf 89' lang='lat' dir='ltr'>Justino</span> <span class='ocrx_word' id='word_1_352' title='bbox 1126 3895 1283 3971; x_wconf 87' lang='lat' dir='ltr'>martyre,</span> <span class='ocrx_word' id='word_1_353' title='bbox 1310 3890 1342 3953; x_wconf 93' lang='lat' dir='ltr'>in</span> 
     </span>
     <span class='ocr_line' id='line_1_40' title="bbox 128 3975 1342 4057; baseline -0.002 -17"><span class='ocrx_word' id='word_1_354' title='bbox 128 3975 283 4044; x_wconf 82' lang='lat' dir='ltr'>Clemente</span> <span class='ocrx_word' id='word_1_355' title='bbox 297 3978 386 4044; x_wconf 85' lang='lat' dir='ltr'>Alex.</span> <span class='ocrx_word' id='word_1_356' title='bbox 403 3984 435 4042; x_wconf 92' lang='lat' dir='ltr'>et</span> <span class='ocrx_word' id='word_1_357' title='bbox 449 3978 481 4042; x_wconf 93' lang='lat' dir='ltr'>in</span> <span class='ocrx_word' id='word_1_358' title='bbox 503 3978 647 4042; x_wconf 84' lang='lat' dir='ltr'>versione</span> <span class='ocrx_word' id='word_1_359' title='bbox 662 3976 811 4040; x_wconf 91' lang='lat' dir='ltr'>Peschito</span> <span class='ocrx_word' id='word_1_360' title='bbox 834 3981 1019 4057; x_wconf 90' lang='lat' dir='ltr'>occurrunt,</span> <span class='ocrx_word' id='word_1_361' title='bbox 1042 3976 1074 4039; x_wconf 94' lang='lat' dir='ltr'>in</span> <span class='ocrx_word' id='word_1_362' title='bbox 1098 3976 1213 4056; x_wconf 92' lang='lat' dir='ltr'>quibus</span> <span class='ocrx_word' id='word_1_363' title='bbox 1234 3982 1342 4040; x_wconf 90' lang='lat' dir='ltr'>tamen</span> 
     </span>
     <span class='ocr_line' id='line_1_41' title="bbox 127 4061 1341 4144; baseline 0 -20"><span class='ocrx_word' id='word_1_364' title='bbox 127 4065 300 4129; x_wconf 91' lang='lat' dir='ltr'>versionum</span> <span class='ocrx_word' id='word_1_365' title='bbox 315 4064 486 4128; x_wconf 89' lang='lat' dir='ltr'>latinarum</span> <span class='ocrx_word' id='word_1_366' title='bbox 500 4061 636 4127; x_wconf 91' lang='lat' dir='ltr'>influxus</span> <span class='ocrx_word' id='word_1_367' title='bbox 651 4062 788 4144; x_wconf 92' lang='lat' dir='ltr'>supponi</span> <span class='ocrx_word' id='word_1_368' title='bbox 801 4062 919 4142; x_wconf 90' lang='lat' dir='ltr'>nequit.</span> <span class='ocrx_word' id='word_1_369' title='bbox 964 4062 1070 4138; x_wconf 84' lang='lat' dir='ltr'>Quare</span> <span class='ocrx_word' id='word_1_370' title='bbox 1086 4079 1257 4126; x_wconf 91' lang='lat' dir='ltr'>consensus</span> <span class='ocrx_word' id='word_1_371' title='bbox 1279 4061 1341 4124; x_wconf 91' lang='lat' dir='ltr'>iste</span> 
     </span>
     <span class='ocr_line' id='line_1_42' title="bbox 129 4145 1340 4232; baseline -0.001 -22"><span class='ocrx_word' id='word_1_372' title='bbox 129 4145 205 4214; x_wconf 90' lang='lat' dir='ltr'>inter</span> <span class='ocrx_word' id='word_1_373' title='bbox 219 4155 343 4215; x_wconf 89' lang='lat' dir='ltr'>textum</span> <span class='ocrx_word' id='word_1_374' title='bbox 357 4168 507 4232; x_wconf 89' lang='lat' dir='ltr'>graecum</span> <span class='ocrx_word' id='word_1_375' title='bbox 524 4155 556 4212; x_wconf 91' lang='lat' dir='ltr'>et</span> <span class='ocrx_word' id='word_1_376' title='bbox 570 4148 705 4213; x_wconf 92' lang='lat' dir='ltr'>latinum</span> <span class='ocrx_word' id='word_1_377' title='bbox 719 4166 737 4211; x_wconf 94' lang='lat' dir='ltr'>e</span> <span class='ocrx_word' id='word_1_378' title='bbox 760 4147 917 4212; x_wconf 91' lang='lat' dir='ltr'>communi</span> <span class='ocrx_word' id='word_1_379' title='bbox 939 4146 1026 4212; x_wconf 87' lang='lat' dir='ltr'>fonte</span> <span class='ocrx_word' id='word_1_380' title='bbox 1048 4146 1252 4227; x_wconf 88' lang='lat' dir='ltr'>explicandus</span> <span class='ocrx_word' id='word_1_381' title='bbox 1275 4151 1340 4224; x_wconf 90' lang='lat' dir='ltr'>est;</span> 
     </span>
    </p>
   </div>
   <div class='ocr_carea' id='block_1_6' title="bbox 130 4379 1342 4658">
    <p class='ocr_par' dir='ltr' id='par_1_8' title="bbox 191 4379 1221 4454">
     <span class='ocr_line' id='line_1_43' title="bbox 191 4379 1221 4454; baseline -0.007 -13"><span class='ocrx_word' id='word_1_382' title='bbox 191 4393 199 4422; x_wconf 89' lang='lat'>¹</span> <span class='ocrx_word' id='word_1_383' title='bbox 218 4387 278 4442; x_wconf 74' lang='lat' dir='ltr'>Cfr:</span> <span class='ocrx_word' id='word_1_384' title='bbox 286 4387 382 4441; x_wconf 84' lang='lat' dir='ltr'>Adalb.</span> <span class='ocrx_word' id='word_1_385' title='bbox 395 4384 481 4440; x_wconf 82' lang='lat' dir='ltr'>Maior</span> <span class='ocrx_word' id='word_1_386' title='bbox 493 4382 649 4454; x_wconf 86' lang='lat' dir='ltr'>Einleitung</span> <span class='ocrx_word' id='word_1_387' title='bbox 680 4383 758 4438; x_wconf 68' lang='grc' dir='ltr'>,52ἳ1</span> <span class='ocrx_word' id='word_1_388' title='bbox 781 4380 844 4451; x_wconf 87' lang='lat' dir='ltr'>Hug</span> <span class='ocrx_word' id='word_1_389' title='bbox 854 4379 1010 4452; x_wconf 86' lang='lat' dir='ltr'>Einleitung</span> <span class='ocrx_word' id='word_1_390' title='bbox 1023 4381 1044 4436; x_wconf 96' lang='lat' dir='ltr'>I.</span> <span class='ocrx_word' id='word_1_391' title='bbox 1056 4397 1082 4450; x_wconf 89' lang='lat' dir='ltr'>p.</span> <span class='ocrx_word' id='word_1_392' title='bbox 1096 4381 1154 4436; x_wconf 83' lang='lat'>140.</span> <span class='ocrx_word' id='word_1_393' title='bbox 1168 4395 1221 4448; x_wconf 89' lang='lat' dir='ltr'>seq.</span> 
     </span>
    </p>

    <p class='ocr_par' dir='ltr' id='par_1_9' title="bbox 130 4399 1342 4658">
     <span class='ocr_line' id='line_1_44' title="bbox 189 4399 1342 4522; baseline -0.007 -12"><span class='ocrx_word' id='word_1_394' title='bbox 189 4459 200 4490; x_wconf 78' lang='lat'>⁸</span> <span class='ocrx_word' id='word_1_395' title='bbox 216 4456 293 4510; x_wconf 90' lang='lat' dir='ltr'>Rich.</span> <span class='ocrx_word' id='word_1_396' title='bbox 307 4456 398 4509; x_wconf 88' lang='lat' dir='ltr'>Simon</span> <span class='ocrx_word' id='word_1_397' title='bbox 410 4455 519 4508; x_wconf 89' lang='lat' dir='ltr'>histoire</span> <span class='ocrx_word' id='word_1_398' title='bbox 532 4454 643 4522; x_wconf 90' lang='lat' dir='ltr'>critique</span> <span class='ocrx_word' id='word_1_399' title='bbox 655 4399 691 4506; x_wconf 58' lang='lat' dir='ltr'>riu</span> <span class='ocrx_word' id='word_1_400' title='bbox 708 4458 781 4505; x_wconf 85' lang='lat' dir='ltr'>texte</span> <span class='ocrx_word' id='word_1_401' title='bbox 793 4451 830 4504; x_wconf 90' lang='lat' dir='ltr'>du</span> <span class='ocrx_word' id='word_1_402' title='bbox 841 4451 874 4504; x_wconf 91' lang='lat' dir='ltr'>N.</span> <span class='ocrx_word' id='word_1_403' title='bbox 888 4450 919 4504; x_wconf 92' lang='lat' dir='ltr'>T.</span> <span class='ocrx_word' id='word_1_404' title='bbox 932 4453 983 4506; x_wconf 89' lang='lat' dir='ltr'>cha</span> <span class='ocrx_word' id='word_1_405' title='bbox 1003 4451 1131 4505; x_wconf 79' lang='lat' dir='ltr'>‚ao-32.</span> <span class='ocrx_word' id='word_1_406' title='bbox 1156 4450 1269 4503; x_wconf 89' lang='lat' dir='ltr'>Dissert.</span> <span class='ocrx_word' id='word_1_407' title='bbox 1283 4447 1342 4504; x_wconf 91' lang='lat' dir='ltr'>crit.</span> 
     </span>
     <span class='ocr_line' id='line_1_45' title="bbox 131 4517 1342 4593; baseline -0.001 -21"><span class='ocrx_word' id='word_1_408' title='bbox 131 4531 172 4575; x_wconf 86' lang='lat' dir='ltr'>sur</span> <span class='ocrx_word' id='word_1_409' title='bbox 181 4522 219 4578; x_wconf 90' lang='lat' dir='ltr'>les</span> <span class='ocrx_word' id='word_1_410' title='bbox 231 4525 389 4593; x_wconf 86' lang='lat' dir='ltr'>principaux</span> <span class='ocrx_word' id='word_1_411' title='bbox 400 4529 474 4577; x_wconf 88' lang='lat' dir='ltr'>actes</span> <span class='ocrx_word' id='word_1_412' title='bbox 486 4536 605 4576; x_wconf 87' lang='lat' dir='ltr'>manusc.</span> <span class='ocrx_word' id='word_1_413' title='bbox 628 4521 729 4590; x_wconf 89' lang='lat' dir='ltr'>Bengel</span> <span class='ocrx_word' id='word_1_414' title='bbox 741 4520 837 4573; x_wconf 88' lang='lat' dir='ltr'>introd.</span> <span class='ocrx_word' id='word_1_415' title='bbox 850 4520 878 4573; x_wconf 93' lang='lat' dir='ltr'>in</span> <span class='ocrx_word' id='word_1_416' title='bbox 896 4521 977 4574; x_wconf 89' lang='lat' dir='ltr'>crisin</span> <span class='ocrx_word' id='word_1_417' title='bbox 1015 4560 1021 4573; x_wconf 90' lang='lat'>.</span> <span class='ocrx_word' id='word_1_418' title='bbox 1035 4518 1067 4573; x_wconf 90' lang='lat' dir='ltr'>T.</span> <span class='ocrx_word' id='word_1_419' title='bbox 1079 4535 1105 4587; x_wconf 95' lang='lat' dir='ltr'>p.</span> <span class='ocrx_word' id='word_1_420' title='bbox 1117 4519 1176 4573; x_wconf 83' lang='lat'>399.</span> <span class='ocrx_word' id='word_1_421' title='bbox 1200 4517 1342 4573; x_wconf 87' lang='lat' dir='ltr'>Micha&#39;e&#39;lis</span> 
     </span>
     <span class='ocr_line' id='line_1_46' title="bbox 130 4588 939 4658; baseline -0.001 -16"><span class='ocrx_word' id='word_1_422' title='bbox 130 4588 159 4643; x_wconf 88' lang='lat' dir='ltr'>de</span> <span class='ocrx_word' id='word_1_423' title='bbox 169 4595 246 4648; x_wconf 85' lang='lat' dir='ltr'>variis</span> <span class='ocrx_word' id='word_1_424' title='bbox 258 4593 415 4647; x_wconf 89' lang='lat' dir='ltr'>lectionibus</span> <span class='ocrx_word' id='word_1_425' title='bbox 427 4592 460 4646; x_wconf 88' lang='lat' dir='ltr'>N.</span> <span class='ocrx_word' id='word_1_426' title='bbox 473 4591 504 4646; x_wconf 89' lang='lat' dir='ltr'>T.</span> <span class='ocrx_word' id='word_1_427' title='bbox 518 4597 595 4648; x_wconf 86' lang='lat' dir='ltr'>caute</span> <span class='ocrx_word' id='word_1_428' title='bbox 608 4588 763 4658; x_wconf 82' lang='lat' dir='ltr'>colligendis</span> <span class='ocrx_word' id='word_1_429' title='bbox 775 4591 798 4656; x_wconf 71' lang='lat'>§-</span> <span class='ocrx_word' id='word_1_430' title='bbox 811 4590 852 4642; x_wconf 79' lang='lat'>80.</span> <span class='ocrx_word' id='word_1_431' title='bbox 867 4603 939 4658; x_wconf 86' lang='lat' dir='ltr'>seqq.</span> 
     </span>
    </p>
   </div>
   <div class='ocr_carea' id='block_1_7' title="bbox 0 0 1682 5176">
    <p class='ocr_par' dir='ltr' id='par_1_10' title="bbox 0 0 1682 5176">
     <span class='ocr_line' id='line_1_47' title="bbox 0 0 1682 5176; baseline 0 0"><span class='ocrx_word' id='word_1_432' title='bbox 0 0 1682 5176; x_wconf 95' lang='lat' dir='ltr'> </span> 
     </span>
    </p>
   </div>
  </div>
 </body>
</html>
