3314 5166
554 343 838 407 -105—

105 518 205 580 riretur
219 515 252 579 in
268 515 406 596 quadam
428 515 566 579 editione
588 513 776 594 antiquiore.
821 513 956 577 'lentum
979 511 1024 576 sic
1046 529 1211 576 recensum
1233 529 1306 591 pro-

105 602 158 666 dire
179 601 253 666 feeit
279 601 444 681 Tubingae
473 601 564 664 1734.
590 601 619 662 4.
644 617 715 663 cum
740 599 929 663 lectionibus
955 596 1081 662 selectis
1106 596 1138 660 in
1164 594 1307 675 margine

103 686 245 766 inferiore,
269 705 405 767 quarum
420 687 574 766 majorem
588 685 639 749 vel
654 685 806 749 minorem
821 683 1081 764 probabilitatem
1095 681 1197 746 literis
1218 707 1253 760 o,
1276 687 1305 763 β,

104 797 123 856 y,
138 773 159 850 1,
174 797 187 838 ε
203 773 390 852 designavit.
419 772 571 853 Sequitur
585 776 760 851 apparatus
776 769 905 834 criticus
922 788 993 833 curn
1008 767 1171 848 principiis
1188 765 1307 829 criticis

103 862 203 922 etcum
218 858 344 939 epilogo
359 856 567 939 apologetico.

170 943 196 1005 2.
226 943 366 1006 11111111
381 943 518 1006 Jacobae
542 941 703 1021 Wetstein,
729 940 923 1004 Basileensis
944 938 1107 1020 (11754),
1136 938 1198 1000 'am
1217 936 1307 1017 prius

104 1028 248 1107 Basileae,
272 1028 346 1092 dein
368 1028 401 1091 in
422 1028 590 1092 itineribus
616 1046 675 1107 per
696 1025 914 1104 Hollandiam,
943 1024 1079 1088 Galliam
1105 1029 1139 1088 et
1159 1021 1308 1103 Angliam

101 1113 271 1194 praecipuos
288 1113 412 1178 codices
432 1120 524 1177 notos
545 1111 766 1194 perlustravit,
793 1116 825 1175 et
846 1111 964 1176 multos
987 1109 1082 1188 alios,
1106 1113 1143 1172 ut
1166 1107 1307 1172 codicem

102 1198 169 1276 qh
185 1218 269 1278 evv.,
285 1199 312 1262 E
329 1204 361 1262 et
376 1199 402 1261 F
419 1199 510 1279 epist.
527 1197 663 1276 Paulin,
687 1198 714 1260 Β
730 1195 869 1276 111111,
892 1215 950 1260 111
965 1214 1025 1260 111
1040 1195 1218 1259 versionem
1232 1191 1307 1255 Phi-

100 1284 281 1348 lorenianam
306 1283 428 1364 primus
453 1284 587 1348 contulit
610 1289 642 1347 et
663 1284 863 1364 propositum
888 1282 987 1362 oepit,
1014 1284 1136 1345 textum
1163 1277 1307 1342 criticum

98 1369 174 1448 juxta
192 1370 351 1450 principia
372 1389 431 1434 sua
457 1369 587 1448 edendi,
622 1387 758 1450 eumque
777 1367 1010 1450 prolegomenis
1033 1363 1197 1445 anonymis
1226 1381 1307 1427 anno

102 1455 176 1518 17311.
192 1456 413 1533 annunciavit,
436 1460 487 1520 ast
508 1456 551 1518 20
573 1455 701 1519 demum
722 1455 813 1518 annis
834 1453 952 1534 elapsis
972 1451 1091 1532 publici
1107 1450 1189 1531 juris
1204 1448 1309 1513 111111

99 1541 195 1619 potuit.
245 1541 324 1605 Ourn
340 1541 423 1605 enim
437 1540 585 1605 Basileae
601 1539 828 1605 Socinianismo
849 1537 956 1603 favere
977 1537 1156 1614 videretur,
1179 1553 1310 1599 munere

99 1644 145 1690 suo
168 1626 294 1690 diaconi
319 1627 481 1706 privatus,
508 1626 548 1690 ab
571 1625 722 1690 Arminiis
748 1645 824 1690 vero
843 1621 1075 1688 Amstelodemi
1101 1626 1249 1700 receptus
1277 1624 1310 1683 et

99 1729 190 1775 eorum
210 1712 366 1792 gymnasii
380 1718 570 1792 praeceptor
584 1710 764 1775 nominatus
781 1717 843 1789 est;
859 1715 911 1773 ast
926 1715 962 1773 ut
975 1707 1065 1789 prius
1079 1707 1112 1770 11
1127 1705 1247 1786 patria,
1262 1705 1310 1769 ita

98 1815 165 1860 nunc
179 1797 412 1862 amstelodami
426 1797 566 1878 theologi
582 1816 654 1862 eum
676 1797 847 1861 haereseos
868 1800 1052 1875 suspectum
1075 1792 1230 1856 habentes
1254 1790 1309 1854 oh-

100 1882 245 1961 stiterunt,
262 1882 431 1963 quominus
442 1888 565 1947 textum
573 1883 665 1962 juxta
676 1881 804 1963 regulas
816 1880 963 1962 proprias
974 1879 1178 1942 immutatum
1191 1876 1309 1940 ederet.

101 1967 190 2042 Quare
211 1967 373 2032 Wetstein
395 1972 517 2032 textum
540 1974 704 2047 receptum
727 1966 823 2031 etiam
845 1965 1073 2047 apocalypseos
1093 1961 1310 2032 recudendum

100 2051 175 2132 lecit,
199 2053 297 2118 finem
323 2071 398 2118 vero
423 2071 516 2116 suum
542 2053 671 2133 assequi
697 2052 875 2130 nitebatur,
903 2051 979 2114 dum
1004 2047 1135 2113 vocibus
1161 2047 1194 2110 in
1220 2049 1311 2109 textu

100 2139 247 2203 mutandis
262 2138 410 2205 lineolam
427 2137 496 2219 (-)
512 2139 697 2218 adponeret,
714 2144 746 2202 et
761 2136 894 2202 inferius
908 2135 1060 2200 lectiones
1075 2153 1095 2197 a
1111 2152 1146 2197 se
1156 2131 1311 2213 probatas

100 2223 264 2288 collocaret.
294 2225 331 2287 In
348 2224 493 2288 columna
508 2223 647 2304 cujusvis
662 2223 799 2304 paginae
814 2222 954 2288 secunda
968 2219 1094 2301 positae
1107 2217 1312 2283 inveniuntur

99 2307 237 2374 lectiones
253 2309 413 2374 variantes
429 2328 501 2373 cum
516 2309 736 2389 designatione
750 2307 895 2387 fontium,
912 2311 944 2372 et
959 2325 1014 2372 eas
1027 2309 1205 2386 sequuntur
1216 2309 1312 2367 notae

101 2396 268 2477 exegeticae
296 2414 368 2459 cum
392 2394 483 2474 locis,
511 2413 594 2475 quae
615 2395 657 2458 ad
676 2394 922 2458 illustrationem
944 2391 1136 2468 inserviant,
1162 2387 1273 2469 petitis
1296 2406 1313 2452 1

100 2481 211 2562 scriptis
226 2479 371 2561 profanis
387 2479 591 2558 Graecorum,
608 2479 795 2544 Latinorum
811 2485 844 2544 et
859 2479 1065 2543 Judaeorum.

168 2567 260 2632 Licet
280 2585 357 2631 sano
375 2566 496 2647 judicio
518 2566 684 2631 obstarent
705 2564 902 2647 praejudicia
925 2564 993 2644 ejus
1010 2566 1120 2626 eontra
1135 2559 1313 2624 versionem

98 2649 231 2718 latinam:
254 2651 287 2715 in
305 2652 539 2734 prolegomenis
559 2658 666 2716 tamen
688 2650 754 2716 suis
774 2651 913 2716 omnium
933 2649 1055 2730 primus
1071 2647 1197 2712 codices
1213 2644 1312 2726 signis

96 2757 163 2803 nunc
178 2737 308 2804 usitatis
323 2737 447 2802 notavit
463 2742 495 2802 et
510 2742 586 2818 apte
601 2737 789 2818 descripsit,
815 2737 863 2801 ita
877 2743 914 2800 ut
935 2752 1156 2799 successorum
1179 2749 1310 2796 suorum

96 2825 244 2905 negotium
270 2822 394 2887 facilius
421 2823 579 2887 redderet.
626 2824 714 2902 Opus
741 2841 834 2886 suurn
861 2840 933 2886 cum
956 2817 1190 2901 prolegomenis
1214 2815 1311 2896 paulo

96 2908 263 2974 immutatis
290 2909 391 2973 edidit
415 2907 646 2972 Amstelodami
674 2907 766 2971 1751.
793 2909 843 2971 52.
870 2907 910 2970 II.
938 2910 1013 2969 tom.
1040 2903 1155 2968 fol-
1177 2901 1312 2965 Textum

97 3001 249 3075 receptum
271 2994 364 3074 juxta
389 2992 545 3073 principia
568 2993 738 3057 Wetstenii
763 2993 968 3056 immutatum
991 2989 1093 3054 edidit
1115 2985 1154 3051 d.
1178 2986 1312 3069 Bowyer

96 3079 219 3144 Londini
237 3079 328 3144 1763.
345 3079 365 3142 2
380 3077 452 3142 voll.
471 3079 529 3157 12,
546 3082 579 3142 11
593 3076 697 3141 alteri
711 3077 780 3143 vice
797 3078 890 3141 1772.

169 3168 197 3229 3.
226 3163 365 3228 (11111111
380 3163 418 3227 N.
436 3164 469 3228 T.
491 3182 573 3228 nova
593 3181 669 3227 1111
689 3163 800 3244 incipit
820 3182 892 3228 cum
912 3162 962 3225 Jo.
984 3158 1102 3224 Jacobo
1126 3154 1310 3238 (1111111111,

95 3249 264 3328 professore
279 3249 432 3328 Hallensi,
450 3249 522 3313 dein
539 3248 559 3313 J
561 3248 685 3327 enensi,
703 3249 758 3330 qui
773 3252 965 3330 apparatum
981 3245 1126 3311 criticum
1140 3241 1311 3307 Wetstenii

96 3336 221 3415 11111111
243 3335 413 3400 1111111111
437 3335 581 3399 codicum
597 3332 741 3398 Acmen
757 3335 796 3399 al.
813 3335 916 3414 auxit,
941 3339 973 3397 et
996 3331 1117 3412 scripta
1140 3325 1312 3393 Clementis

95 3419 290 3485 Alexandrini
307 3425 340 3484 et
356 3420 503 3502 Origenis
519 3419 673 3501 singulari
688 3419 854 3501 diligentia
868 3417 1085 3501 perlustravit.
1115 3413 1312 3479 Divisionem

96 3510 192 3571 textus
206 3511 484 3571 monumentorum
499 3506 531 3569 in
546 3504 682 3569 familias
696 3505 887 3570 aWetstein
901 3504 1080 3586 neglectam
1090 3501 1123 3565 in
1135 3519 1193 3564 suo
1205 3517 1313 3563 recen-

96 3589 209 3655 sionum
225 3598 399 3672 systemate
414 3591 533 3672 magis,
556 3610 617 3654 non
633 3594 740 3654 tamen
756 3596 807 3654 sat
822 3589 957 3656 feliciter
972 3587 1108 3653 excoluit
1123 3591 1156 3650 11
1170 3585 1201 3649 in
1223 3588 1314 3648 textu
1355 3599 1359 3606 ·

97 3678 282 3742 emendando
299 3677 454 3741 adhibuit.
500 3677 592 3752 Quod
608 3675 648 3740 oh
671 3676 869 3757 praejudicia
889 3675 1111 3753 theologorum
1130 3671 1313 3735 lutherano-

96 3779 158 3825 rum
172 3768 204 3827 et
220 3761 465 3827 reformatorum
479 3761 741 3842 praecessoribus
756 3781 818 3826 non
833 3761 932 3840 licuit,
949 3757 1156 3824 Griesbachio
1170 3756 1313 3838 contigit,

95 3837 235 3911 nimirum
250 3847 351 3913 textui
366 3853 496 3927 recepto
513 3854 545 3911 et
561 3847 738 3927 cuicunque
753 3847 807 3910 alii
817 3845 957 3911 'editioni
979 3843 1153 3925 antiquiori
1175 3842 1314 3907 auctori-

96 3938 186 3996 tatem
206 3932 352 3999 altiorem
372 3932 565 4014 abjudicare.
603 3931 815 3998 Nihilominus
830 3939 950 4011 tamen,
974 3929 1049 4011 quia
1063 3929 1098 3993 id
1113 3928 1314 4011 aptissimum
1393 3999 1396 4005 ,

97 4035 159 4082 1111
182 4020 319 4099 censuit,
345 4024 468 4084 textum
488 4024 652 4100 receptum
678 4017 876 4083 fundamenti
901 4018 1004 4081 instar
1029 4016 1154 4096 posuit,
1182 4015 1314 4095 ejusque

96 4099 293 4184 lectionibus,
322 4123 401 4185 ques
424 4103 522 4167 111111
542 4103 685 4185 agnovit,
712 4103 887 4168 minorihus
908 4103 1011 4167 literis
1035 4099 1202 4165 substituit
1229 4117 1313 4176 suas,

19 4249 20 4264 ,
98 4187 168 4252 alias
187 4189 291 4255 minus
314 4188 497 4271 probabiles
519 4189 615 4254 certis
636 4189 734 4270 signis
755 4190 891 4268 notavit,
920 4193 952 4253 et
971 4188 1004 4251 in
1019 4191 1178 4268 apparatu
1194 4183 1313 4261 critico,

98 4274 146 4352 qui
160 4274 293 4339 alteram
315 4281 440 4357 partem
461 4272 642 4339 inferiorem
664 4274 803 4356 cujusvis
822 4275 959 4356 paginae
982 4275 1131 4354 occupat,
1153 4268 1314 4333 variantes

19 4363 20 4370 ’
100 4377 162 4423 cum
175 4359 310 4434 fontium
326 4359 545 4442 designatione
560 4361 676 4440 posuit.
714 4360 929 4424 AWetstenii
943 4357 1139 4440 praejudicio
1152 4355 1314 4419 demonu-

100 4451 269 4509 rnentorum
295 4445 539 4512 occidentalium
565 4445 782 4511 latinizatione
808 4445 1036 4521 alienissimus,
1067 4444 1099 4506 in
1125 4439 1314 4504 lectionibus

102 4529 304 4611 dijudicandis
318 4531 509 4618 principium
526 4538 655 4596 secutus
672 4538 737 4596 est:
758 4531 920 4598 codicibus
935 4524 1315 4611 Alexandrino-palaesti-
1342 4555 1343 4558 ¹
