3314 5166
622 303 943 377 ——133—-

155 481 282 564 ablegat
296 486 329 547 et
349 475 500 548 nonnulla
522 482 756 564 evangeliorum
771 482 886 547 Matth.
903 486 935 548 et
951 482 972 546 J
973 482 1084 547 oannis
1100 481 1211 563 effata,
1233 500 1292 548 nec
1313 501 1376 547 non

155 567 359 650 epistolarum
381 567 427 643 ad
453 568 613 633 Romanos
639 572 671 632 et
695 569 718 632 l.
743 563 813 632 Gor.
840 568 927 634 locos
953 567 1283 649 argumentationibus
1309 568 1376 632 suis
1406 567 1409 574 '

153 653 264 718 inserit
276 658 308 718 et
322 654 443 720 diserte
458 654 600 733 adnotat,
618 671 688 718 esse
702 654 761 718 hos
775 652 930 718 librorum
945 654 1124 730 divinorum
1138 653 1233 718 locos.
1264 652 1376 733 (Libro

154 739 208 802 III.
225 756 250 803 c.
269 739 317 803 12.
334 745 367 804 et
383 740 432 804 18.
455 737 560 804 adfert
576 739 632 803 Mt.
648 740 678 819 5,
693 739 745 804 28.
760 739 811 804 32.
826 739 877 804 44.
894 744 927 805 et
942 741 971 820 6,
987 740 1016 804 3.
1032 740 1092 804 hac
1112 737 1249 804 formula
1266 743 1375 804 utens:

154 822 171 912 ἡ
187 823 223 891 δὲ
238 820 424 909 εὐαγγέλιος
439 824 532 913 φωνὴ
546 824 686 910 λέγουσα
702 829 750 890 et:
765 825 803 892 τὸ
819 824 856 891 δὲ
870 821 1055 909 εὐαγγέλιον
1069 824 1170 910 λέγεις
1193 843 1217 890 c.
1235 825 1283 889 14.
1300 824 1376 889 alle·
1468 903 1474 914 .

153 913 206 991 gat
221 910 311 974 Rom.
329 911 379 990 13,
398 911 424 974 7.
441 911 469 974 8.
500 911 524 974 I.
540 910 619 974 Tim.
635 912 665 990 2,
683 911 755 974 1.·2.
778 910 900 975 verbis:
928 908 974 976 ἔτι
998 910 1116 978 κελεύει
1136 905 1221 998 ἡμᾶς
1241 908 1259 977 ὃ
1281 916 1377 988 θεῖος

151 994 259 1079 λόγος,·
273 995 314 1059 Π.
330 997 381 1060 31.
397 996 490 1061 dicit:
505 991 585 1062 ὅθεν
599 995 808 1063 διδάσκουσιν
821 993 906 1084 ἡμᾶς
921 992 954 1061 ui
971 990 1061 1078 ἅγιαι
1075 995 1210 1083 γραφαὶ,
1226 996 1280 1062 καὶ
1297 995 1376 1062 πάν·

151 1080 503 1248 ἷεςῙιεέεγματόφοροι,
528 1080 567 1162 ἐξ
588 1071 634 1147 ὦν
654 1078 798 1170 Ἰωάννης
818 1082 911 1166 λέγει·
927 1080 963 1148 ἐν
976 1078 1058 1170 ἀρχῇ
1080 1076 1116 1170 ἦν
1134 1082 1153 1148 ὁ
1174 1081 1269 1166 λόγος
1281 1082 1309 1146 λ.
1326 1081 1376 1146 Jo.

171 1215 179 1245 ,
282 1217 288 1230 .

233 1251 264 1316 4.
290 1251 445 1332 Clemens,
460 1251 520 1317 sub
535 1249 630 1316 finem
645 1269 727 1316 saec.
743 1251 784 1315 ΙΙ.
801 1251 954 1317 ecclesiae
967 1249 1201 1318 Alexandrinae
1216 1252 1329 1316 doctor
1344 1255 1378 1316 et

150 1336 332 1417 presbyter,
361 1337 507 1424 Origenis
529 1338 697 1418 magister,
720 1336 759 1402 N.
780 1338 814 1401 T.
835 1336 934 1401 libros
956 1337 989 1401 in
1011 1338 1091 1402 duas
1114 1337 1228 1402 dividit
1247 1341 1375 1417 partes:

149 1417 336 1508 εὐαγγέλιον
357 1421 411 1488 καὶ
436 1418 615 1490 ἀπόστολοι
640 1421 769 1503 (Strom.
786 1423 823 1487 V.
838 1423 868 1487 5.
892 1422 946 1487 Vl.
968 1423 1016 1486 11.
1039 1423 1109 1488 VII.
1133 1423 1186 1505 3.).
1232 1422 1377 1498 Quatuor

105 1585 107 1590 Ι
151 1508 314 1588 evangelia
335 1511 446 1572 nostra
468 1508 620 1574 canonica
641 1509 786 1591 agnoscit
801 1513 834 1574 et
849 1511 1016 1574 enumerat
1031 1514 1063 1574 et
1077 1509 1178 1574 Actus
1193 1509 1253 1589 Ap.
1269 1508 1376 1572 Lucae

149 1593 293 1658 tribuit¹
337 1595 455 1658 Omnes
478 1599 704 1659 commemorat
720 1613 743 1658 s.
759 1593 852 1658 Pauli
872 1594 1041 1675 epistolas,
1064 1594 1132 1660 sola
1155 1595 1196 1659 ad
1218 1594 1376 1659 Philemo-

149 1697 218 1743 nem
241 1683 391 1760 excepta,
415 1684 448 1744 et
468 1679 636 1760 epistolam
651 1680 693 1744 ad
707 1679 874 1745 Hebraeos
892 1679 1032 1757 aPaulo
1051 1680 1201 1745 hebraice
1222 1680 1375 1760 scriptam

149 1783 218 1830 esse
233 1762 390 1844 affirmat,
411 1784 432 1829 a
445 1765 533 1830 Luca
548 1785 624 1830 vero
643 1765 676 1830 in
691 1784 842 1847 graecum
857 1765 1078 1830 translatam.²
1122 1766 1218 1830 Teste
1233 1764 1376 1830 Eusebio

148 1848 190 1929 (h.
206 1870 233 1915 e.
250 1850 306 1914 VI.
323 1849 387 1931 14.)
404 1850 550 1917 Clemens
573 1869 681 1916 omnes
705 1850 858 1931 epistolas
874 1851 1046 1917 catholicas
1067 1850 1300 1931 interpretatus
1316 1854 1375 1928 est,

147 1954 207 1999 non
222 1939 334 2000 autem
349 1942 513 2017 superest,
537 1936 598 2001 nisi
615 1936 839 2016 interpretatio
855 1937 878 2000 Ι.
894 1936 993 2016 Petri,
1009 1936 1033 2000 l.
1050 1941 1083 2000 et
1098 1936 1138 1999 Π.
1154 1936 1204 1999 Jo.
1221 1940 1254 2000 et
1269 1935 1375 2000 Judae

148 2021 319 2102 epistolae,
344 2039 425 2102 quas
443 2022 614 2086 nominatis
636 2021 750 2086 tribuit
767 2021 963 2102 Apostohs.³
1006 2020 1222 2102 Apocalypsin
1236 2020 1375 2101 denique

147 2107 263 2172 Joanni
279 2107 434 2173 adscribit
449 2106 634 2187 (stromlfl.
645 2108 718 2189 13.),
735 2112 768 2173 et
783 2107 912 2188 quidem
923 2107 1079 2188 Apostolo
1092 2106 1374 2188 (paedag.H.12.).

229 2193 261 2258 5.
290 2193 504 2256 Tertullianus
519 2192 576 2273 (ad
595 2191 691 2258 finem
707 2212 788 2259 saec.
804 2193 845 2256 Π.
862 2197 895 2257 et
908 2191 999 2257 initio
1015 2193 1103 2274 Ili),
1128 2192 1281 2259 ecclesiae
1298 2191 1374 2257 Car-

146 2278 357 2360 thaginiensis
369 2278 546 2359 presbyter,
563 2279 653 2360 cujus
665 2279 707 2344 ad
718 2279 968 2345 Montanismum
980 2276 1116 2344 defectio
1129 2278 1234 2344 ethica
1245 2278 1375 2360 quidem

146 2365 213 2445 ejus
227 2363 389 2445 principia
403 2364 553 2444 mutavit,
576 2363 673 2430 fidem
686 2384 762 2430 vero
777 2364 962 2430 historicam
977 2383 1038 2428 non
1054 2364 1161 2429 reddit
1182 2370 1374 2445 suspectam,

143 2449 344 2515 authentiam
353 2449 508 2516 librorum
519 2449 558 2514 N.
567 2450 602 2514 T.
614 2451 833 2516 demonstrare
845 2449 1021 2531 adlaborat,
1037 2469 1219 2530 omnesque,
1234 2455 1368 2532 excepta

145 2535 237 2616 epist.
254 2535 386 2615 Jacobi,
408 2536 449 2599 II.
465 2536 569 2616 Petri,
589 2535 630 2599 11.
647 2541 680 2601 et
693 2535 750 2600 III.
767 2537 788 2600 J
790 2536 917 2616 oanniS,
942 2541 1106 2618 tamquam
1128 2535 1227 2601 libros
1250 2535 1374 2601 divinos

144 2639 296 2702 expresse
318 2620 468 2686 nominat.
512 2620 613 2686 Porro
635 2621 734 2687 libros
748 2622 808 2687 hos
827 2641 847 2686 a
863 2621 1053 2688 Christianis
1068 2622 1197 2687 minime
1211 2621 1373 2702 abscondi,

144 2708 200 2772 sed
214 2706 269 2782 vel
290 2707 323 2771 in
343 2707 485 2771 hostium
499 2706 646 2772 manibus
668 2708 790 2773 versari
812 2713 966 2787 testatum
989 2709 1071 2772 duas
1092 2707 1189 2773 etiam
1205 2707 1374 2790 distingunt

144 2791 341 2860 collectionis
360 2796 485 2874 partae,
513 2811 648 2874 quarum
669 2793 807 2873 primam
826 2793 1036 2875 Evangelium
1058 2793 1213 2874 appellat,
1239 2793 1373 2859 alteram

143 2878 343 2960 Apostolum.
387 2878 528 2943 Disserit
550 2878 687 2959 denique
701 2879 742 2943 de
762 2879 901 2960 quadam
921 2880 1035 2943 horum
1056 2879 1211 2943 librorum
1226 2878 1373 2944 versione

142 2963 243 3028 latina
254 2961 310 3043 (de
321 2964 545 3045 monogamia),
561 2981 653 3044 quae,
670 2963 872 3028 etiamsinon
887 2964 1006 3044 ubique
1022 2964 1064 3028 sit
1079 2968 1239 3044 accurata,
1255 2964 1287 3028 in
1299 2982 1372 3029 con-

145 3049 296 3114 ventibus
311 3053 419 3114 tamen
434 3048 688 3115 Christianorum
703 3050 803 3115 sacris
817 3050 1090 3132 praelegeretur*

228 3134 259 3199 6.
282 3133 328 3198 Ut
347 3158 372 3197 ε.
391 3133 573 3219 Cyprianus
597 3153 668 3200 cum
687 3134 901 3215 Tertullian0,
923 3135 970 3200 ita
989 3134 1165 3219 Dionysius
1184 3131 1275 3198 Alea.
1300 3151 1371 3200 cum

143 3219 299 3302 magistro
329 3237 387 3284 suo
418 3221 556 3303 Origene
582 3221 740 3287 consentit
764 3222 825 3286 hoc
851 3221 954 3286 solum
980 3220 1177 3300 discrimine,
1208 3219 1294 3300 quod
1318 3219 1372 3284 ille

144 3304 315 3387 epistolam
334 3306 376 3370 ad
392 3304 559 3372 Hebraeos
579 3305 700 3373 diserte
720 3307 834 3373 tribuit
854 3306 955 3373 Pardo
970 3307 1045 3389 Ap,
1068 3305 1274 3389 apocalypsin
1295 3323 1371 3372 vero

144 3390 263 3458 ioanni
275 3391 337 3473 Ap.
352 3391 525 3474 abjudicat.
1386 3397 1387 3400 ’

153 3529 318 3538 -———

214 3615 224 3647 ¹
240 3610 324 3732 Apud
335 3609 401 3664 Eue.
414 3611 440 3664 h.
454 3625 477 3665 e.
490 3611 514 3677 6,
527 3611 568 3665 13.
581 3610 621 3664 14.
647 3609 744 3665 Strom.
757 3609 790 3666 V.
804 3611 845 3665 12.

212 3683 224 3716 2

213 3752 225 3783 ³
242 3679 276 3801 111
287 3747 534 3803 adumbrationibus
547 3753 574 3802 et
586 3753 677 3802 strom.
689 3748 737 3802 HI.
751 3749 792 3801 11.
805 3748 839 3802 11.
853 3747 894 3801 15.
904 3694 955 3800 111
968 3747 992 3801 2.
1006 3752 1033 3801 et
1044 3747 1156 3817 paedag.
1169 3747 1218 3802 HI.
1231 3745 1256 3801 8.

211 3820 224 3852 ⁴
241 3816 394 3870 Memoratu
406 3816 578 3884 dignissimus
590 3823 632 3870 est
643 3816 718 3870 locus
730 3816 764 3871 de
776 3815 985 3886 praescriptione
997 3816 1192 3872 haereticorum
1203 3832 1226 3870 c.
1235 3817 1286 3881 36,
1297 3831 1372 3885 equo

145 3885 263 3939 maxima
274 3883 363 3938 elucet
373 3890 493 3938 veterum
506 3884 635 3939 ecclesiae
647 3885 785 3940 doctorum
798 3884 948 3939 sollicitudo
961 3890 988 3938 et
999 3883 1137 3954 diligentia
1148 3886 1176 3939 in
1188 3885 1373 3954 investiganda

146 3957 172 4006 et
184 3951 364 4008 examinanda
374 3952 503 4007 librorum
523 3954 729 4022 apostolicorum
741 3954 841 4023 origine
853 3953 899 4007 illo
911 3959 1031 4021 tempore
1047 3955 1174 4009 adhibita.
1210 3954 1284 4007 Dicit
1300 3953 1371 4007 enim

146 4020 330 4076 Tertullianus
349 4021 367 4075 l.
380 4037 415 4075 c.:
441 4023 515 4091 „Age
530 4023 595 4091 jam,
613 4022 658 4090 qui
676 4021 749 4076 voles
767 4023 948 4076 curiositatem
965 4023 1061 4077 melius
1078 4038 1204 4076 exercere
1220 4022 1248 4074 in
1266 4021 1371 4089 negotio

146 4089 242 4144 salutis
262 4096 336 4158 tuae3
358 4106 485 4160 percurre
507 4091 635 4145 ecclesias
656 4089 831 4160 apostolicas,
853 4090 924 4158 apud
946 4106 1012 4158 quas
1029 4091 1103 4159 ipsae
1122 4091 1210 4146 adhuc
1227 4089 1371 4143 cathedrae

145 4158 335 4226 Apostolorum
348 4159 404 4213 suis
415 4159 481 4214 locis
493 4160 655 4227 praesident,
668 4160 740 4227 apud
752 4175 819 4228 quas
831 4159 905 4227 ipsae
917 4160 1087 4213 authenticae
1099 4161 1193 4213 literae
1202 4173 1294 4210 eorum
1304 4157 1370 4210 reci-

147 4231 247 4280 tantur.
257 4258 291 4266 -
300 4227 425 4282 Proxima
438 4234 480 4282 est
491 4228 540 4282 tibi
546 4228 667 4282 Achaia?
679 4228 938 4295 habesGorinthum;
952 4229 974 4281 si
986 4244 1039 4282 non
1050 4228 1128 4296 longe
1140 4243 1169 4280 es
1181 4224 1370 4289 aMacedonia,

146 4294 229 4348 habes
241 4295 387 4364 Philippos,
399 4295 483 4351 habes
496 4296 756 4351 Thessalonicenses.
783 4297 811 4350 Si
822 4303 898 4364 potes
911 4296 938 4349 in
946 4297 1041 4350 Asiam
1052 4296 1170 4360 tendere,
1182 4294 1266 4348 habes
1278 4293 1369 4362 Ephe-

146 4377 217 4485 {33⁴³
231 4362 254 4417 si
266 4370 355 4418 autem
367 4365 461 4418 Italiae
474 4365 590 4433 adjaces,
602 4365 685 4419 habes
692 4366 812 4432 Romam,
825 4365 895 4419 unde
907 4365 983 4420 nobis
996 4381 1098 4434 quoque
1107 4363 1253 4418 auctoritas
1262 4367 1370 4430 praesto

277 3695 298 3732 r.
311 3678 428 3733 Guerike
439 3679 473 3734 de
485 3679 578 3734 schola
588 3679 666 3733 Alex.
690 3679 720 3734 P.
733 3679 767 3734 Π.
780 3696 806 3747 p.
820 3680 844 3733 7.
857 3693 904 3748 seq
