3428 5180
659 310 947 376 —315—

218 482 350 544 01001010
361 479 495 543 Romam
511 480 652 543 nominat
664 478 766 543 locam
778 479 924 564 epc'stolae
934 492 1056 542 0001100
1068 482 1228 564 0010101001
1245 487 1277 546 et
1288 482 1421 562 proinde

195 505 341 647 iabylon
356 584 469 629 nomen
484 563 693 644 symbolicum
707 565 814 630 habet.
857 564 947 629 Haec
962 566 1121 630 sententia
1136 566 1346 647 praeferenda
1362 571 1420 644 est,

196 670 268 716 cum
284 669 308 715 s.
324 650 456 715 Petrum
472 650 593 715 Romae
607 649 706 715 fuisse
722 655 862 730 constet,
886 655 918 714 01
933 650 1031 715 etiam
1045 650 1143 731 Apoc.
1162 652 1216 731 14,
1240 651 1269 716 8.
1291 653 1348 731 16,
1371 651 1420 713 19.

197 736 253 815 18,
269 737 299 800 2.
315 735 354 800 al.
370 736 487 814 Roma,
514 735 668 801 ecclesiae
684 735 876 800 christianae
898 737 1112 816 persecutrix,
1138 737 1273 817 mystico
1295 735 1421 802 nomine

194 839 311 902 magna
325 820 469 901 Babylon
483 820 672 901 appelletur.
1251 849 1255 854 ·

281 908 310 970 3.
337 905 410 968 Tem
433 929 488 985 us,
504 924 567 986 quo
584 906 720 986 epistola
735 905 778 970 sit
793 905 929 985 scripta,
945 906 1147 987 cognoscitur
1163 925 1200 972 ex
1212 910 1421 988 argument03

194 929 460 1078 namApostoiirs
475 991 658 1055 continuum
674 991 773 1055 habet
785 995 968 1071 respectum
983 992 1025 1055 ad
1043 992 1250 1072 gravissimas
1266 991 1421 1055 Christia-

196 1095 311 1142 norum
327 1075 536 1156 calamitates,
553 1095 636 1156 quae
652 1077 781 1157 quidem
795 1077 827 1141 in
842 1077 920 1139 Asia
935 1077 1057 1141 minore
1071 1077 1210 1142 nondum
1224 1083 1421 1158 praesentes,

194 1167 339 1227 attamen
361 1161 572 1241 probabiliter
589 1162 790 1226 imminentes
811 1166 1095 1242 repraesentantur
1116 1161 1167 1242 (1,
1183 1164 1211 1226 6.
1227 1163 1263 1240 3,
1282 1161 1421 1245 14.17.),
1468 1213 1470 1216 .

195 1247 313 1328 quibus
328 1265 403 1310 vero
418 1246 451 1309 in
466 1246 537 1311 aliis
551 1247 630 1312 locis
647 1246 819 1311 Christiani
833 1254 1020 1328 premantur
1035 1246 1079 1326 (5,
1096 1247 1149 1329 9.).
1195 1246 1421 1311 calamitatum
1514 1283 1518 1296 ι

192 1332 310 1396 harum
331 1335 479 1395 auctores
501 1336 592 1396 erant
616 1331 733 1397 ethnici
759 1332 806 1412 (2,
831 1333 880 1397 12.
903 1333 933 1411 4,
954 1332 1014 1413 4.),
1041 1335 1074 1396 01
1100 1350 1210 1397 eorum
1236 1338 1422 1398 executores

194 1417 415 1498 magistratus,
432 1416 507 1496 quia
520 1416 694 1481 Christiani
705 1417 745 1481 ob
757 1417 920 1499 religionis
935 1436 1013 1482 suae
1028 1415 1258 1498 professionem
1272 1422 1310 1481 ut
1324 1417 1421 1482 male-

194 1501 247 1568 fici
262 1501 501 1581 tractabantur,
527 1501 709 1582 homicidis,
735 1502 860 1567 furibus
876 1509 935 1567 etc.
951 1503 1246 1583 aequiparabantur
1261 1504 1422 1567 ethorum

107 1624 111 1630 ·
195 1587 362 1667 suppHciis
378 1585 600 1651 afficiebantur
615 1587 663 1668 (3,
681 1589 730 1652 16.
745 1589 781 1667 4,
800 1588 934 1651 14-16.
952 1588 1025 1669 19.).
1040 1623 1083 1630 —
1103 1586 1275 1652 Christiani
1296 1593 1422 1653 mature

195 1673 326 1753 quidem
341 1690 404 1736 non
419 1677 544 1736 tantum
556 1672 576 1736 J
579 1673 704 1752 udaeis,
728 1674 785 1738 sed
801 1673 897 1737 etiam
913 1672 1046 1736 ethnicis
1062 1672 1134 1736 odio
1151 1679 1257 1750 erant,
1280 1678 1422 1738 attamen

193 1757 227 1821 in
242 1757 414 1837 provinciis
429 1758 580 1822 Romanis
593 1767 700 1822 sectae
706 1756 856 1839 judaicae
866 1757 969 1820 instar
982 1757 1174 1822 considerati
1186 1757 1308 1821 diutius
1319 1758 1421 1838 magis

195 1842 371 1907 contemtui
387 1847 419 1906 et
433 1843 632 1922 privatorum
648 1843 869 1907 vexationibus
890 1841 1016 1906 obnoxii
1037 1847 1142 1921 erant,
1166 1861 1262 1922 quam
1284 1842 1421 1922 publicis

192 1926 471 2008 persecutionibus
487 1926 571 2006 (Act.
593 1928 638 2006 18,
656 1929 704 1990 12.
721 1947 809 2008 seqq.
828 1929 876 2006 19,
892 1929 942 1992 23.
959 1928 1071 2008 seqq).
1187 1941 1188 1946 ’

284 2012 428 2074 Tiberius
456 2011 573 2076 Caesar
602 2013 757 2077 relatione
782 2013 879 2077 Pilati
907 2019 1013 2076 motus
1041 2012 1202 2076 Christum
1231 2013 1315 2076 inter
1344 2012 1421 2076 deos

193 2096 316 2163 referre
336 2095 475 2161 voluisse
497 2097 649 2179 legitnr32
678 2097 831 2161 Claudius
851 2098 995 2162 Judaeos
1021 2097 1068 2177 (et
1090 2096 1420 2178 Judaeochristianos)

193 2181 370 2262 impulsore
386 2181 521 2246 Chresto
533 2182 696 2263 (Christo)
712 2184 860 2247 continuo
876 2183 1109 2246 tumultuantes
1130 2182 1232 2246 solum
1247 2183 1349 2247 Roma
1368 2201 1421 2246 ex-

191 2268 308 2348 pulit.³
351 2266 413 2331 Ast
436 2266 610 2332 Christiani
631 2269 663 2331 in
689 2268 757 2332 dies
783 2287 914 2332 numero
940 2269 1043 2348 aucti,
1071 2287 1195 2332 omnem
1220 2267 1421 2333 idololatriae

193 2352 333 2434 speciem
349 2351 582 2432 abominantes,
610 2353 776 2434 gentilium
791 2354 912 2418 scelera
934 2351 1108 2434 fugientes,
1136 2354 1289 2433 mysteria
1309 2371 1368 2417 sua
1389 2353 1421 2417 in

193 2437 319 2502 occulto
336 2437 534 2502 celebrantes
550 2444 583 2502 et
597 2439 697 2502 vitam
712 2444 855 2503 sanctam
870 2445 1003 2519 agentes
1018 2438 1120 2519 magis
1136 2438 1302 2519 magisque
1318 2439 1421 2518 suspi-

192 2523 317 2587 cionem
336 2522 538 2587 incurrerunt
553 2523 716 2603 atheismi,
744 2524 909 2588 criminum
925 2523 1209 2603 clandestinorum,
1237 2529 1269 2588 et
1283 2523 1422 2588 testibus

192 2607 306 2672 Tacito
334 2612 366 2672 01
385 2608 560 2671 Suetonio⁴
584 2609 699 2689 vulgus
726 2627 780 2673 eos
806 2613 843 2672 ut
868 2627 968 2690 genus
991 2609 1153 2673 hominurn
1184 2609 1422 2689 superstitionis

192 2711 296 2756 novae
319 2697 352 2757 et
377 2690 541 2756 maleficae
566 2693 776 2772 respiciebat,
802 2699 839 2757 ut
860 2713 919 2774 per
940 2693 1062 2774 flagitia
1087 2694 1206 2758 invisos
1233 2700 1265 2759 et
1291 2695 1323 2757 in
1348 2693 1421 2758 odio

193 2777 322 2858 generis
348 2776 478 2840 humani
505 2778 674 2842 convictos.
720 2778 893 2842 Commune
919 2779 1006 2859 vulgi
1029 2779 1062 2842 in
1089 2777 1287 2842 Christianos
1313 2779 1421 2842 odium

192 2880 306 2926 ansam
321 2861 471 2941 praebuit
485 2861 621 2940 Neroni,
642 2863 724 2944 Jussi
742 2864 879 2928 incendii
894 2864 1015 2927 Romae
1041 2863 1203 2927 infamiam
1229 2882 1248 2926 0
1274 2881 1309 2927 00
1333 2882 1421 2928 amo-

191 2947 292 3011 liendi
313 2952 345 3010 01
364 2947 396 3010 10
412 2946 532 3010 Christi
551 2946 691 3010 asseclas
704 2948 907 3026 devolvendi,
929 2949 1038 3028 sicque
1054 2953 1164 3013 contra
1179 2948 1275 3012 hosce
1290 2948 1421 3012 horren-

191 3032 269 3095 dam
280 3032 534 3111 persecutionem
546 3033 701 3096 movendi.
723 3032 905 3097 Exitiabilis
918 3032 1170 3098 Christianorum
1181 3033 1362 3112 persecutio
1380 3034 1422 3097 ad

188 3115 314 3183 Urbem
330 3121 400 3180 erat
421 3116 586 3195 restricta;
608 3134 706 3196 quum
721 3136 796 3182 vero
813 3137 956 3182 amensa
971 3119 1057 3182 Julio
1073 3119 1147 3182 anni
1162 3118 1296 3182 64-68,
1314 3123 1421 3182 exten-

190 3201 333 3280 deretur,
349 3201 475 3280 tyranni
489 3201 623 3265 saevitia
638 3203 872 3282 provinciarum
888 3203 1100 3282 praesidibus,
1117 3203 1194 3283 quin
1209 3207 1316 3268 essent
1327 3203 1419 3284 jussi,

189 3286 390 3351 occasionem
405 3285 555 3366 praebuit
569 3287 849 3352 tormentisvariis
864 3287 1023 3354 afficiendi
1037 3289 1196 3366 homines,
1219 3288 1274 3368 qui
1288 3286 1418 3367 profite-

187 3378 304 3435 rentur
317 3370 503 3451 religionem
516 3371 642 3451 legibus
658 3373 809 3436 Romanis
823 3374 971 3451 vetitam,
993 3374 1171 3453 quiessent
1190 3373 1323 3437 deorum
1345 3391 1417 3437 000-

188 3461 360 3534 temtores,
384 3456 521 3519 omniurn
538 3474 646 3520 rerum
661 3457 944 3522 abominandarum
960 3463 1117 3523 auctores.
1160 3458 1248 3522 Inter
1267 3457 1416 3537 antiquos

189 3541 279 3605 Solus
292 3539 384 3602 Paul.
404 3540 534 3603 Orosius
549 3541 621 3604 hist.
638 3541 707 3605 Vll.
724 3543 752 3605 7.
769 3543 847 3606 dicit
861 3543 901 3607 de
916 3543 1056 3607 Nerone:
1077 3542 1200 3622 „Auoec't
1210 3542 1292 3604 franc
1306 3541 1416 3605 molem

263 3761 271 3790 ¹
289 3757 355 3810 Eus.
373 3756 399 3809 h.
418 3771 440 3809 e.
457 3755 491 3808 H.
514 3757 551 3809 15.
565 3787 598 3796 -
610 3788 644 3798 -
657 3755 690 3825 ἢν
708 3758 885 3844 (ἔπιστοζὴν)
905 3757 1036 3844 davidice
1053 3763 1142 3829 φασὶν
1159 3758 1267 3842 (Papias
1288 3765 1315 3812 et
1334 3759 1416 3813 Clem.

524 3825 535 3837 U

189 3825 284 3892 Alex.)
296 3823 340 3881 ἐπ’
353 3824 437 3892 αὐτῆς
446 3822 550 3942 Ῥωμές
562 3831 709 3898 σημαίνειν
722 3845 751 3880 τε
765 3829 828 3880 τοῦτ
858 3826 943 3881 αὐτον
961 3846 1013 3894 την
1033 3825 1118 3881 πόλιν
1136 3847 1346 3898 τροπικωτερον
1357 3837 1417 3882 Βα-

189 3897 301 3962 βυλῶνα
315 3889 505 3964 προςειπὸντα
538 3891 566 3945 ιὰ
579 3891 687 3948 τούτων
699 3891 850 3956 ἀσπάζεται
864 3898 884 3948 λ.
908 3893 1062 3963 Hieronym.
1077 3895 1109 3948 de
1122 3893 1169 3946 vir.
1183 3893 1221 3946 ill.
1236 3910 1258 3947 c.
1274 3897 1295 3946 1.

260 3964 270 3995 2
289 3958 401 4015 Tertull.
414 3959 442 4010 in
454 3958 584 4025 apolorret.
598 3975 620 4012 c.
634 3961 658 4012 5.

261 4032 271 4062 ε
291 4029 397 4083 streton.
410 4027 437 4078 0
449 4028 504 4079 vra
517 3999 621 4078 cisum
634 4033 655 4079 c:
668 4029 710 4081 aa.
735 4029 887 4092 000101.

260 4099 272 4130 ⁴
291 4097 375 4150 Tacit.
388 4093 485 4146 Annal.
499 4093 556 4146 XV.
569 4093 624 4146 44:
650 4095 720 4159 „Sed
737 4113 790 4149 non
807 4112 856 4165 ope
873 4097 1001 4160 humana,
1020 4113 1072 4149 000
1088 4097 1272 4164 largitionibus
1288 4096 1416 4163 principis

190 4170 239 4218 aut
251 4164 330 4217 dedm
341 4161 516 4232 placamentis
529 4161 675 4215 decedebat
686 4163 803 4229 infamia,
816 4164 879 4232 quin
886 4165 992 4231 Jussum
1000 4165 1152 4218 incendium
1163 4164 1324 4217 crederetur.
1343 4164 1417 4232 Ergo

189 4232 322 4286 abolendo
334 4229 433 4285 rumori
446 4229 518 4282 Nero
531 4228 648 4281 subdidit
660 4247 719 4284 reos
732 4240 759 4286 01
771 4233 974 4300 quaesitissimis
986 4233 1078 4300 poenis
1096 4232 1199 4296 affecit,
1221 4246 1285 4298 quos
1303 4247 1351 4299 per
1366 4231 1415 4284 fla-

190 4300 259 4380 gitia
271 4299 368 4353 invisos
380 4297 476 4364 vulgus
489 4295 653 4350 Christianos
666 4300 827 4367 appellabat.
848 4302 952 4353 ductor
963 4301 1077 4353 nominis
1090 4300 1148 4366 ejus
1161 4299 1292 4363 Christus,
1309 4299 1416 4354 Tiber'm

189 4373 340 4434 imperante
351 4381 400 4435 per
412 4370 612 4432 procuratorem
623 4365 748 4420 Pontium
759 4368 875 4421 Pilatum
889 4368 1019 4435 supplicio
1035 4368 1147 4420 affectus
1166 4374 1218 4430 est;
1239 4381 1415 4436 repressaque

189 4436 220 4489 in
231 4450 358 4502 praesens
371 4431 515 4486 exitiabilis
529 4434 683 4498 superstitio
695 4451 802 4489 rursum
816 4437 972 4504 erumpebat
983 4452 1035 4488 non
1049 4435 1134 4488 solum
1146 4450 1194 4501 per
1205 4433 1345 4499 Judaeum,
1363 4435 1415 4488 ori-

188 4504 281 4572 ginem
297 4503 355 4570 ejus
374 4500 450 4564 mali,
472 4499 519 4552 sed
537 4514 586 4566 per
597 4503 691 4556 urbem
703 4504 795 4568 etiam,
816 4520 867 4571 quo
881 4509 977 4557 cuncta
989 4503 1104 4570 undique
1117 4503 1218 4555 atrocia
1230 4507 1277 4554 aut
1289 4502 1415 4581 pudenda

189 4569 330 4625 confluunt
339 4569 567 4634 celebranturque.
586 4567 672 4637 Igitur
680 4571 766 4638 primo
777 4572 899 4639 correpti,
912 4571 956 4638 qui
967 4571 1129 4640 fatebantur,
1142 4569 1203 4624 dein
1215 4570 1312 4624 indicro
1322 4586 1414 4624 eorum
