3364 5156
619 325 903 391 -177—

220 492 388 574 Majorem
402 497 508 562 adhuc
521 497 655 579 famam,
678 518 773 581 quam
787 497 937 564 familiari
952 498 1112 563 consortio
1135 517 1207 564 cum
1221 499 1318 565 Petro
1341 505 1373 566 et

128 575 236 642 Paulo
245 579 418 661 Apostolis
430 588 463 648 et
477 585 641 650 activitate
657 603 716 649 sua
731 584 844 649 seriori
854 583 983 648 Marcus
996 583 1057 648 sibi
1068 585 1195 665 paravit
1206 586 1369 667 evangelio

128 680 189 726 suo
206 665 356 746 scripto,
373 669 459 748 quod
473 669 514 734 ab
531 671 676 735 omnibus
692 670 834 735 ecclesiis
849 669 959 733 statim
974 668 1015 734 ab
1030 670 1121 736 initio
1136 671 1220 736 inter
1235 671 1371 753 scriptu-

127 767 182 812 ras
200 751 381 817 canonicas
396 760 560 836 receptum
575 773 655 836 esse,
671 775 709 821 ex
723 754 858 821 historia
873 754 1009 821 Cononis
1025 756 1150 820 scimus
1257 763 1260 768 “

697 978 725 1060 §-
746 978 816 1043 119.

246 1109 386 1163 Occasio
400 1116 432 1164 et
444 1115 614 1167 consilium
625 1127 650 1167 s.
663 1116 767 1167 Marci
779 1114 996 1180 indevangelio
1015 1115 1256 1187 conscribendo.

216 1265 435 1333 Occasionem
461 1269 615 1351 evangelii
640 1270 743 1335 nostri
768 1270 938 1335 edocemur
960 1294 981 1332 a
1006 1267 1159 1334 Clemente
1178 1269 1287 1351 Alen,
1312 1269 1368 1352 qui

124 1349 217 1425 apud
232 1349 419 1418 Eusebium
434 1353 478 1434 (h
494 1373 521 1420 c.
537 1355 590 1421 VI.
609 1356 672 1438 14.)
687 1356 767 1422 haec
782 1354 894 1420 refert:
920 1353 1024 1437 „Cum
1037 1354 1151 1418 Petrum
1166 1355 1284 1419 Romae
1302 1381 1366 1420 uer-

125 1430 199 1494 bum
215 1435 294 1500 Dei
299 1439 427 1522 publice
436 1441 652 1524 praedicasset
672 1455 701 1504 et
712 1441 835 1526 Spiritu
849 1465 873 1504 s.
890 1440 1011 1526 afflatus
1027 1440 1217 1526 aucupelium
1226 1441 1373 1526 promat,

121 1533 252 1600 pascet:
268 1523 379 1608 multi,
396 1526 454 1612 qui
465 1528 604 1609 aderant,
621 1528 765 1591 Marcum
782 1527 939 1591 eudortati
950 1539 1021 1590 sunt
1027 1577 1037 1609 ,
1051 1539 1154 1611 utpote
1168 1529 1227 1611 qui
1239 1527 1366 1590 Petrum

119 1601 190 1684 jum
208 1606 337 1671 dudum
352 1625 430 1676 esset
442 1625 575 1676 sectatus
590 1626 618 1677 et
633 1614 718 1678 decta
741 1614 807 1698 ejus
827 1615 976 1676 memoria
998 1624 1121 1694 teneret,
1147 1624 1196 1695 ut,
1225 1635 1304 1697 quae
1326 1611 1365 1674 ab

124 1689 286 1774 Apostolo
308 1696 499 1780 praedicata
519 1712 621 1781 aaut,
648 1700 856 1763 conscriberet.
899 1699 1029 1761 Marcus
1051 1699 1147 1784 ipitur
1173 1698 1364 1784 euangelium

126 1781 324 1862 composuit,
347 1784 464 1866 eisque,
486 1786 544 1870 qui
563 1783 649 1849 illud
662 1785 701 1848 ab
716 1785 783 1868 apso
798 1784 965 1870 repebant,
985 1784 1142 1868 impertiit.
1190 1783 1282 1860 Quod
1296 1807 1365 1846 cum

125 1859 242 1926 Petrus
260 1871 469 1951 comperisset,
485 1893 539 1932 nec
549 1870 709 1953 probibuit
722 1869 835 1933 directe
849 1868 1006 1951 remfleri,
1020 1893 1083 1949 nec,
1098 1867 1238 1950 utfleret,
1252 1871 1363 1933 incita-

125 1947 199 2010 m't.“
222 1949 333 2017 Porro
353 1953 439 2019 idem
459 1955 619 2020 Eusebius
638 1956 669 2019 h.
690 1974 716 2020 e.
732 1955 773 2020 11.
795 1953 843 2019 15.
865 1959 992 2018 narrat:
1015 1955 1157 2036 „Tantus
1172 1966 1273 2016 autem
1287 1956 1363 2018 ceri

125 2035 198 2096 tatis
206 2035 334 2122 sulpur
349 2043 473 2102 emicuit
485 2042 520 2102 in
534 2041 684 2104 urentibus
699 2063 811 2123 aarum,
828 2039 1017 2124 quiPetrum
1032 2037 1201 2102 audierant
1214 2038 1362 2123 (Romae)

126 2130 159 2178 ut
170 2142 296 2202 parum
312 2123 457 2189 baberent
469 2126 563 2190 semel
577 2125 749 2209 aradiuisse,
772 2149 828 2188 nec
847 2125 982 2188 contenti
1000 2137 1098 2188 essent
1120 2123 1257 2188 coelestis
1279 2126 1367 2189 uerbi

127 2201 309 2268 doctrinam
325 2210 397 2274 eiad
412 2234 501 2289 uoce,
524 2211 622 2274 nullis
637 2211 785 2274 traditam
804 2212 933 2296 scriptis
953 2213 1123 2296 accepisse,
1148 2210 1205 2275 sed
1217 2210 1361 2283 Marcum

126 2287 219 2352 Petri
231 2293 430 2378 sectatorem,
452 2297 539 2382 capus
554 2297 718 2361 hodiedum
733 2309 834 2362 coastat
848 2295 1053 2382 evanpelium,
1073 2309 1227 2382 reparent,
1242 2308 1277 2358 ut
1291 2296 1360 2360 doc-

127 2375 229 2438 trinae
245 2376 355 2462 illius,
371 2405 466 2466 quam
480 2381 591 2445 auditu
607 2396 806 2468 acceperant,
822 2383 972 2468 scriptum
988 2382 1121 2466 aliquod
1133 2395 1361 2445 mouumentum

128 2460 217 2541 apud
229 2485 265 2525 se
281 2465 477 2552 relinqueret.
509 2467 577 2531 Nec
584 2471 681 2554 prius
697 2468 887 2548 destiterunt,
913 2491 1007 2552 quam
1023 2467 1174 2531 lemanem
1189 2490 1360 2552 eupupnas-

126 2557 205 2627 sent,
235 2561 441 2636 auctoresque
463 2553 625 2618 scribendi
638 2553 745 2635 illius,
772 2553 858 2638 quod
876 2553 1044 2617 secuudum
1065 2555 1211 2616 Marcum
1235 2553 1359 2632 dicitur,

127 2635 289 2718 aucupelii
304 2639 497 2702 ensa’eissem.
529 2639 621 2716 Quod
638 2663 708 2702 cum
730 2640 842 2703 Petrus
861 2663 920 2724 per
940 2639 1153 2702 revelationem
1174 2663 1198 2704 s.
1221 2637 1359 2722 sz'ribts
1466 2707 1468 2712 ,

128 2723 330 2803 cepnovisset,
359 2723 528 2789 delectatus
550 2726 677 2789 ardente
699 2724 856 2788 hominum
870 2724 973 2795 studeo
990 2723 1103 2788 librum
1117 2725 1210 2786 istum
1225 2724 1358 2786 auctori·

128 2811 187 2865 tate
201 2827 266 2869 sua
283 2811 499 2893 comprobasse
516 2809 643 2882 decitur,
667 2823 700 2873 ut
719 2809 861 2894 deinceps
882 2810 916 2872 in
940 2809 1079 2872 ecclesiis
1101 2809 1257 2894 leperetur.
1292 2806 1359 2870 Gle-

125 2909 210 2952 mens
225 2891 263 2954 in
279 2907 364 2958 sento
380 2895 606 2980 hypotyposeon
619 2894 698 2958 libro
709 2893 815 2958 retulit
823 2894 903 2957 dunc
914 2894 1107 2957 bistereanu“
1116 2929 1159 2938 -
1170 2894 1207 2958 In
1218 2897 1356 2974 utroque

126 2968 212 3056 loco,
241 2997 340 3058 quem
354 2981 514 3046 Eusebius
530 3001 548 3047 e
564 2980 725 3046 Clemente
740 2979 891 3045 Alexand.
908 2997 944 3044 sc
961 2977 1082 3044 referre
1103 2979 1195 3059 dicit,
1221 2978 1272 3044 hic
1294 2977 1356 3042 sibi

127 3075 313 3144 repugnare
335 3066 477 3147 videtur3
504 3071 647 3131 attamen
668 3085 776 3148 pugna
796 3066 957 3131 evanescit
979 3065 1166 3144 statuendo,
1192 3065 1354 3145 inpriore

126 3139 194 3209 loco
220 3148 419 3216 Clementem
444 3153 604 3234 respicere
628 3157 771 3234 tempuS,
798 3169 861 3232 quo
884 3152 1012 3216 Marcus
1038 3151 1236 3231 evangelium
1261 3168 1355 3214 suum
1461 3178 1462 3181 ¹

128 3230 293 3299 scribebat
316 3241 349 3301 et
368 3237 484 3302 Petrus
511 3239 654 3320 ejusdem
678 3238 832 3303 motivum
858 3237 962 3302 adhuc
983 3237 1168 3320 ignorabat;
1194 3236 1227 3300 in
1252 3235 1353 3299 altero

127 3321 236 3383 autem
260 3327 403 3403 tempus,
428 3342 490 3404 quo
505 3324 622 3390 Petrus
645 3323 799 3405 evangelii
814 3323 882 3404 jam
898 3323 1068 3405 conscripti
1084 3321 1281 3387 occasionem
1295 3339 1354 3401 per

129 3397 285 3480 Spiritum
301 3427 325 3472 s.
342 3413 412 3472 erat
427 3410 568 3474 edoctus.
1169 3457 1171 3460 -

148 3569 154 3582 ι
210 3491 337 3557 Exinde
347 3495 415 3576 jam
431 3495 632 3576 cognoscitur
647 3495 863 3576 evangelistae
879 3493 1052 3572 consilium,
1076 3492 1225 3556 nimirum
1236 3492 1351 3556 Roma·

127 3585 174 3634 ms
190 3575 381 3643 Christianis
402 3580 435 3644 in
457 3581 642 3646 memoriam
664 3580 834 3658 revocandi
855 3599 909 3659 ea,
933 3598 1015 3661 quae
1030 3597 1050 3642 a
1064 3578 1161 3643 Petro
1181 3577 1253 3642 viva
1274 3596 1351 3642 voce

128 3667 218 3726 erant
241 3665 435 3744 praedicata.
474 3665 647 3730 Consilium
668 3666 778 3746 itaque
800 3665 869 3746 eius
891 3665 1034 3745 proxime
1060 3669 1130 3729 erat
1154 3663 1350 3744 historicum,

24 3808 26 3816 ,
128 3749 269 3813 attamen
284 3769 346 3814 non
360 3769 447 3815 mere
461 3751 656 3831 historicum,
673 3751 730 3815 sed
744 3750 1114 3828 historico-didacticum,
1130 3754 1167 3813 ut
1178 3749 1245 3831 jam
1259 3755 1351 3830 patet

129 3843 146 3888 θ
161 3829 195 3911 1,
217 3834 262 3898 1.:
285 3833 434 3917 „Initium
452 3836 608 3920 euanpelii
619 3837 694 3899 Jesu
711 3834 843 3916 Christi,
866 3835 952 3897 Filii
963 3834 1055 3900 Dei.“
1099 3838 1127 3898 S.
1143 3835 1272 3900 Marcus
1290 3834 1351 3899 ita-

130 3928 189 4006 que
204 3917 225 3981 J
227 3937 317 3984 esum
332 3921 493 3986 Christum
508 3921 569 3986 Dei
584 3921 700 3985 Filium
714 3925 956 4001 repraesentare
970 3920 1086 4000 voluit3
1107 3926 1159 3985 ast
1173 3921 1233 3987 hoc
1249 3919 1349 3985 consi-

129 3991 203 4066 llum
217 4005 250 4069 in
265 4007 334 4089 ejus
349 4007 516 4070 historiam
531 4007 730 4072 scribendam
745 4026 808 4071 non
822 4011 948 4070 tantum
963 4007 1103 4071 exseruit
1124 4005 1292 4084 infimum,
1312 4009 1349 4068 ut

128 4078 208 4152 hunc
222 4091 255 4154 in
269 4089 364 4156 finem
378 4091 556 4173 peculiares
570 4097 680 4173 partes
696 4091 862 4173 seligeret,
890 4092 1158 4173 quemadmodum
1179 4111 1199 4156 a
1214 4090 1235 4155 J
1236 4107 1346 4167 canuc,

130 4176 182 4235 aut
196 4182 233 4238 ut
247 4177 385 4258 propriis
400 4178 660 4243 adnotationibus
675 4177 717 4240 ad
731 4177 900 4243 veritatem
916 4178 1094 4242 sentcntiae
1109 4195 1186 4242 suae
1209 4175 1347 4256 proban·

129 4249 198 4321 dam
212 4259 348 4327 lectores
363 4281 439 4328 suos
453 4268 594 4328 attentos
616 4263 782 4342 redderet,
804 4267 901 4343 prout
922 4263 1121 4328 aMatthaeo
1139 4260 1260 4326 factum
1280 4264 1345 4339 est;

130 4341 184 4404 sad
203 4347 309 4426 potius
331 4347 467 4414 lectores
490 4366 528 4413 ex
549 4349 684 4414 historia
707 4366 765 4414 sua
790 4348 929 4413 divinam
950 4347 1030 4413 lesu
1053 4346 1173 4421 Christi
1197 4351 1346 4412 naturam

130 4438 314 4508 cognoscere
327 4432 436 4500 voluit.
572 4509 573 4512 Ἴ
1155 4451 1166 4471 '

176 4527 297 4584 curura,
311 4533 395 4576 Introd.
406 4535 431 4574 ln
440 4534 467 4574 N.
478 4533 505 4573 Τ.
515 4534 592 4574 libros.
1092 4531 1141 4584 Ι12
