3356 5176
744 726 918 803 CAPUT
944 725 993 799 II.

688 896 851 970 Historia
877 895 1045 972 (lenonis.

818 1100 846 1182 e.
871 1099 920 1165 ιι.

446 1217 532 1296 Quid
544 1238 593 1287 est
606 1236 727 1296 Canon,
746 1237 829 1288 iiber
842 1237 1017 1288 canonieus
1030 1240 1062 1286 et
1074 1237 1297 1298 apocryphus?

346 1391 416 1454 Vox
432 1413 531 1453 canon
543 1387 676 1472 (κανών)
688 1390 772 1455 inter
786 1390 849 1454 alia
865 1391 997 1455 denotat
1012 1389 1164 1471 regulam,
1180 1390 1212 1452 in
1225 1389 1330 1468 speeie
1341 1409 1491 1454 normam

259 1475 409 1540 credendi
426 1482 459 1540 et
473 1475 598 1556 agendi,
623 1493 685 1555 quo
702 1475 882 1556 significatu
899 1495 919 1540 a
934 1495 958 1539 s
975 1475 1076 1539 Paulo
1092 1474 1161 1539 Gal.
1178 1475 1212 1553 6,
1224 1475 1273 1537 16.
1290 1474 1369 1538 Phil.
1387 1477 1417 1553 3,
1438 1475 1490 1539 16.

256 1560 441 1639 adhibetur3
465 1560 538 1625 hine
554 1560 650 1625 etiam
665 1560 752 1640 libri,
776 1563 831 1641 qui
843 1562 936 1642 juxta
951 1566 1149 1626 constantem
1171 1559 1324 1624 ecelesiae
1339 1560 1492 1624 traditio-

256 1663 329 1709 nem
345 1646 451 1724 divini,
468 1647 551 1710 sacri
567 1645 733 1725 habentur,
750 1651 783 1710 et
797 1647 830 1710 in
845 1646 942 1711 rebus
956 1646 1032 1710 fidei
1047 1664 1084 1710 ae
1099 1663 1224 1710 morum
1240 1645 1491 1710 christianorum

257 1731 373 1809 divina,
389 1732 568 1796 normativei
579 1732 721 1812 gaudent
732 1732 934 1811 auctoritate,
951 1728 1062 1816 βιβλία
1074 1731 1232 1812 κανονικοὶ,
1248 1730 1488 1814 κανονιζόιιενοι,

255 1817 500 1901 κεκανονισμένα
523 1836 581 1882 seu
604 1814 775 1904 ιιλρισμένα,
799 1815 912 1901 βιβλία
933 1821 993 1883 τοῦ
1013 1816 1155 1896 κανόνος,
1178 1821 1212 1881 et
1236 1815 1329 1880 simul
1349 1817 1449 1880 sumti
1473 1814 1491 1882 ὁ

257 1901 361 1966 κανών
376 1905 441 1968 ταῖν
456 1899 552 1989 ἱερῶν
567 1905 704 1988 γραφῶν
718 1907 776 1967 aut
791 1902 978 1982 Simpliciter
994 1899 1012 1968 ὃ
1027 1902 1133 1967 νανιόν
1148 1902 1306 1966 dicuntur.
1348 1901 1411 1968 Per
1428 1902 1491 1966 Ca·

256 2006 370 2051 nonem
385 1988 496 2068 itaque
508 1988 716 2070 intelligimus
729 1988 927 2069 complexum
939 1987 1102 2065 librorum,
1120 1987 1175 2067 qui
1184 1987 1276 2068 juxta
1288 1991 1492 2052 constantem

257 2071 410 2137 ecclesiae
432 2073 638 2138 traditionem
660 2093 681 2138 a
705 2074 781 2137 viris
804 2073 956 2137 divinitus
979 2072 1144 2152 inspiratis
1169 2072 1376 2151 descendunt,
1401 2078 1434 2138 et
1458 2073 1492 2136 in

256 2156 353 2222 rebus
368 2156 443 2222 fidei
458 2177 496 2223 ac
507 2177 631 2223 morum
642 2158 887 2223 christianorum
900 2158 1015 2236 divina,
1032 2157 1212 2222 normativet
1224 2158 1367 2238 gaudent
1377 2163 1492 2222 aucto·

256 2242 363 2306 ritate.
404 2243 442 2305 In
461 2242 684 2323 designatione
699 2243 810 2323 itaque
823 2243 879 2306 illa
894 2241 974 2307 latet
989 2248 1065 2307 nota
1082 2243 1342 2308 characteristica
1357 2249 1428 2307 rum
1443 2244 1493 2307 in-

260 2327 445 2407 spirationis
460 2328 595 2406 divinae,
612 2328 757 2393 omnibus
772 2327 863 2392 libris
874 2328 1000 2392 biblicis
1013 2328 1196 2407 communie,
1213 2332 1282 2397 tum
1294 2328 1494 2408 apostolieae

260 2411 401 2492 originis
417 2413 455 2477 N.
472 2412 506 2476 T.
523 2413 652 2493 scriptis
666 2414 847 2494 peculiaris,
868 2414 953 2477 unde
969 2414 1041 2478 dein
1057 2415 1233 2478 auctoritas
1248 2432 1360 2478 eorum
1376 2419 1494 2495 sponte

169 2511 174 2516 ·
262 2499 491 2578 consequitur.1
536 2498 711 2563 Peculiaris
736 2499 890 2563 librorum
916 2499 1139 2564 canonicorum
1160 2499 1386 2581 praerogativa
1410 2504 1492 2578 erat,

260 2582 348 2663 quod
363 2582 490 2663 publice
504 2584 786 2666 praelegebantur,
810 2584 942 2649 undeet
958 2585 1232 2672 ὁεόημοσιεομένα
1247 2583 1374 2669 βιβλία,
1398 2587 1491 2672 δεδη-

260 2668 472 2752 μοσιεοιιέναι
487 2668 615 2756 γραφαί
629 2669 826 2734 dicebantur.
849 2705 892 2714 -—
915 2670 1042 2750 Scripta
1056 2670 1129 2748 alia,
1153 2689 1236 2751 quae
1251 2675 1381 2750 praeter
1394 2687 1493 2734 eano-

260 2753 335 2817 niea'
345 2753 429 2817 inter
445 2753 642 2820 Christianos
666 2760 757 2820 erant
779 2754 956 2836 divulgata,
980 2756 1022 2819 ad
1043 2755 1203 2837 publicam
1224 2774 1300 2820 uero
1320 2756 1491 2820 lectionem

260 2839 293 2902 in
309 2839 516 2904 conventibus
532 2841 632 2906 sacris
647 2861 709 2906 non
730 2841 879 2920 admissa,
903 2839 1090 2930 ἀπόκρυφοι,
1112 2840 1186 2905 libri
1208 2841 1333 2920 secreti,
1356 2841 1491 2905 abscon-

245 2924 329 3003 ·diti,
353 2924 403 2989 vel
425 2925 522 2990 etiam
539 2924 685 2993 ἰδιωτικοὶ
701 2927 809 2991 vacari
825 2926 978 3005 solebant,
1005 2951 1028 2990 a
1045 2927 1192 2988 Jaerr‘nas
1209 2928 1252 2989 M.
1268 2945 1344 2991 vero
1361 2945 1491 3007 expres-

261 3010 381 3074 sionem
395 3007 521 3100 ἀφανὲς
535 3017 644 3080 ποιεῖν
658 3012 792 3076 adhibet
799 3010 929 3093 (dialog.
942 3031 1015 3076 cnm
1023 3011 1193 3091 Tryphone
1203 3011 1313 3092 120.).2
1340 3011 1492 3096 Orz'yenes

259 3095 391 3160 vocibus
412 3097 576 3176 κανονικός
598 3094 784 3178 (regularis)
810 3103 842 3162 et
864 3094 1060 3185 ἄπόνοοφος
1081 3098 1175 3161 modo
1198 3096 1342 3178 exposito
1365 3097 1491 3178 primus

261 3181 399 3259 quidem,
416 3185 558 3246 attamen
572 3182 620 3246 ita
635 3182 746 3261 utitur,
762 3187 799 3245 ut
814 3199 870 3246 eas
885 3200 949 3245 una
964 3200 1036 3246 oum
1051 3180 1336 3263 significationibus
1352 3184 1419 3247 suis
1434 3202 1490 3247 no·

262 3271 313 3329 tas
330 3270 362 3330 et
377 3264 514 3332 usitatas
531 3285 602 3332 esse
617 3271 812 3348 supponat3³
825 3267 900 3331 inde
910 3285 930 3330 a
942 3267 1068 3332 saeculo
1082 3273 1197 3348 quarto
1209 3287 1303 3334 voees
1314 3268 1397 3334 istae
1406 3268 1493 3332 inter

261 3440 464 3450 ψ..-

334 3522 341 3552 ¹
360 3517 414 3572 Gir.
427 3518 501 3587 Hug:
523 3519 680 3588 Einleitung
692 3519 712 3572 I.
726 3519 776 3572 Th.
789 3520 813 3572 3.
826 3517 897 3574 Aufl.
912 3518 938 3573 S.
952 3519 1010 3574 121.
1022 3518 1063 3586 ff.;
1077 3518 1341 3588 Scholz-Einleitung
1352 3520 1380 3574 in
1393 3519 1442 3574 das
1454 3522 1503 3573 A(

260 3586 314 3639 und
326 3585 359 3640 N.
373 3587 437 3666 T31.
451 3587 508 3642 197.
541 3586 755 3669 Herbst-Welte:
780 3588 850 3642 Hist.
869 3587 998 3668 lrritisehe
1010 3587 1167 3666 Einleitung
1183 3589 1211 3668 in
1229 3589 1272 3642 die
1285 3588 1420 3644 Schriften
1438 3589 1487 3642 des

260 3654 293 3706 N*
307 3655 338 3757 Ti
346 3654 1397 3798 'lbbbbbnrlrssgrtrorfilrbleclgbbbgub{inrbrbtrbapblbffifflgbrzbnettlbtbbrmethnicisrno
1416 3724 1486 3777 deri·

260 3796 331 3855 rant,
343 3791 389 3844 ubi
401 3793 569 3846 sacerdotum
581 3795 682 3862 scripta
693 3795 720 3846 in
733 3793 893 3860 templorum
906 3793 987 3871 adyto
1006 3793 1126 3860 deposita
1143 3799 1170 3846 et
1188 3792 1267 3861 vulgo
1278 3793 1435 3846 abscondita
1448 3793 1486 3846 sic

259 3859 424 3981 vocabaintulrJ
436 3860 583 3981 (Rteigrmy
602 3862 648 3914 alii
659 3877 694 3916 ex
704 3862 723 3916 J
723 3861 852 3926 udaismo,
870 3861 916 3929 qui
927 3861 1009 3915 libros
1022 3877 1075 3916 non
1087 3876 1186 3926 sacros,
1203 3862 1294 3930 magni
1305 3876 1367 3915 vero
1379 3861 1486 3916 habitos

260 3939 336 3979 narrar
366 3942 406 3980 ree
426 3943 461 3980 an
523 3946 540 3981 u
560 3970 586 3982 ..
630 3966 631 3971 κ

292 3982 297 3993 ’
326 3981 344 4031 ²³
361 3931 508 4064 Prolegorb.
522 3931 633 4050 irrggant.
646 4003 730 4052 cant:
742 3996 814 4051 Illud
824 3997 913 4064 palam
923 4003 972 4062 est,
984 3997 1076 4065 inquit,
1089 3997 1174 4050 multa
1186 3998 1219 4050 ab
1233 3996 1359 4064 apostolis
1371 4003 1399 4050 et
1410 4013 1489 4050 evan·

260 4065 364 4132 gelistis
377 4065 502 4132 exempla
514 4081 573 4119 esse
585 4067 690 4133 prolata
701 4072 729 4120 et
740 4082 807 4119 novo
819 4072 980 4119 testamento
993 4066 1101 4129 inserta,
1114 4066 1221 4133 quaein
1232 4065 1274 4119 his
1286 4065 1319 4119 V.
1330 4066 1360 4119 T.
1374 4066 1488 4134 seriptu-

260 4133 306 4199 ris,
324 4150 391 4202 quas
404 4134 545 4188 canonicas
557 4134 695 4200 habemus,
713 4134 837 4201 nuspiam
849 4134 971 4202 legimus,
989 4135 1016 4187 in
1032 4134 1190 4202 apocryphis
1208 4139 1298 4188 tamen
1309 4133 1487 4198 inveniuntur,

262 4208 289 4254 et
302 4203 439 4257 evidenter
450 4219 483 4256 ex
496 4203 529 4256 iis
541 4203 719 4256 ostenduntur
731 4209 859 4256 assumta.
884 4203 936 4256 Sed
948 4218 982 4256 ne
994 4202 1033 4256 sie
1050 4201 1156 4271 quidem
1174 4203 1333 4272 apocryphis
1350 4202 1425 4256 locus
1439 4203 1487 4256 do-

263 4272 368 4325 nandus
381 4278 429 4338 est,
442 4287 491 4325 nec
504 4272 661 4324 transeundi
674 4277 737 4325 sunt
747 4271 862 4336 termini,
875 4286 940 4391 ‹fuos
954 4277 1105 4324 statuerunt
1116 4271 1223 4337 Patres;
1242 4271 1328 4338 potuit
1339 4271 1409 4324 enim
1421 4270 1487 4335 fieri,

157 4372 160 4380 ·
262 4345 292 4391 ut
307 4339 421 4406 apostoli
433 4346 460 4393 et
477 4340 656 4408 evangelistae
670 4339 772 4407 Spiritu
789 4355 810 4392 s.
829 4355 877 4407 rep
889 4339 925 4392 eti
941 4339 1073 4403 sciverint,
1090 4340 1153 4407 quid
1169 4339 1359 4394 assumendum
1371 4345 1443 4392 esset
1454 4355 1487 4392 ex

260 4407 315 4460 illis
335 4408 483 4474 seripturis,
501 4409 616 4476 quidque
633 4407 841 4476 repudiandum
858 4408 933 4462 nobis
952 4413 1041 4460 autem
1053 4425 1106 4460 non
1117 4409 1181 4462 lieet
1192 4408 1292 4474 absque
1303 4407 1422 4476 periculo
1433 4406 1487 4460 tale

262 4474 324 4543 quid
338 4491 517 4544 praesumere,
536 4477 631 4545 quibus
643 4493 696 4530 non
708 4482 750 4530 est
765 4481 841 4528 tanta
854 4476 969 4542 Spiritus
986 4476 1156 4530 abundantia.
1181 4507 1215 4515 —
1239 4475 1385 4529 comment.
1396 4476 1425 4528 in
1437 4476 1485 4528 Mt.

261 4543 305 4614 27,
322 4546 347 4598 9.
361 4544 410 4598 ait:
433 4545 465 4598 In
476 4545 550 4608 nullo
562 4545 679 4614 regulari
691 4544 759 4598 libro
771 4544 821 4598 hoc
833 4544 950 4612 positum
961 4545 1102 4610 invenitur,
1118 4545 1170 4598 nisi
1186 4544 1214 4597 in
1231 4544 1341 4598 seeretis
1352 4543 1438 4598 Eliae.
1450 4574 1484 4584 -
