3356 5176
798 383 865 390 ‚a
908 346 949 410 gg
993 385 1059 391 ,-
1134 313 1136 318 ’

320 517 568 599 distinguuntur.
613 518 650 581 ln
666 516 835 599 evangehis
852 517 964 582 divisio
980 518 1011 582 in
1027 519 1134 600 capita
1148 516 1354 582 Ammoniace
1369 523 1401 582 et
1420 519 1551 595 breves,

319 604 352 666 in
367 604 499 684 rehquis
514 603 603 680 libris
618 602 705 668 nulla
719 602 885 667 invenitur.
930 603 1036 668 Notae
1050 603 1257 686 marginales,
1279 621 1361 684 quae
1375 604 1552 684 pericopas

321 689 554 754 ecclesiasticas
574 688 728 766 indicant,
750 706 769 751 a
790 688 903 753 seriori
923 707 1020 752 manu
1039 689 1207 772 adpositae
1222 695 1304 753 sunt.
1341 688 1495 769 Epistola
1510 687 1553 750 ad

320 773 487 840 Hebraeos
501 775 604 839 locum
620 793 712 838 suum
726 773 824 838 habet
839 775 922 839 inter
936 775 977 837 Η.
994 774 1103 840 Th0ss
1120 775 1191 840 etl.
1209 775 1287 839 Tim.
1332 775 1485 857 Scriptus
1502 778 1553 838 est

288 899 290 902 -
319 860 352 924 in
367 862 514 942 Aegypto
530 860 656 925 saeculo
672 860 709 924 V.
725 859 775 924 vel
790 858 851 923 VI²¹
865 859 985 925 initio.1

407 947 512 1010 Codex
534 947 565 1008 P
583 959 611 1010 et
633 946 674 1026 Q,
701 957 828 1029 uterquc
851 945 1160 1030 Guelplzerbytoou85
1186 946 1275 1028 prior
1296 945 1438 1010 continet
1462 943 1553 1025 frag-

321 1037 428 1097 menta
444 1037 582 1113 quatuor
597 1030 842 1113 evangeliorum,
859 1029 941 1095 alter
955 1029 1133 1112 fragmenta
1147 1032 1254 1097 Lucae
1270 1037 1302 1097 et
1317 1031 1338 1095 J
1340 1030 1462 1097 oannis

407 1116 512 1183 (ledea
535 1118 575 1201 Τ,
602 1117 783 1203 Borqzhnoc
805 1135 822 1181 e
844 1135 925 1180 saec.
947 1117 1016 1196 IV.,
1042 1115 1126 1181 follis
1149 1119 1188 1182 13
1213 1117 1341 1182 exhibet
1365 1116 1553 1199 fragmenta

320 1203 452 1268 loannis
467 1202 769 1285 graeco-sahidica.²

408 1287 514 1352 Ocalea
535 1289 576 1362 Z,
597 1288 804 1352 Dabh'neoez's
823 1287 1013 1368 rescriptuS,
1034 1287 1137 1353 format
1158 1289 1289 1354 externat
1310 1289 1410 1353 codici
1428 1289 1458 1351 0
1478 1308 1553 1370 per-

322 1393 418 1455 quam
433 1373 545 1438 simihS
561 1380 593 1439 et
608 1377 716 1439 aetate
730 1372 797 1438 fere
811 1393 885 1454 par,
907 1373 1105 1456 evangelium
1121 1375 1278 1440 Matthaei
1292 1374 1401 1439 multis
1416 1393 1499 1438 vero
1521 1375 1553 1438 in

321 1459 399 1524 locis
414 1459 562 1523 mutilum
577 1460 731 1538 continet;
747 1464 854 1525 textus
871 1463 920 1523 est
934 1459 1044 1524 Alex³

406 1546 435 1609 2.
469 1544 600 1609 Codices
614 1545 849 1608 ett'chometrt'ct':

410 1631 514 1694 Oodea
531 1630 577 1708 D,
601 1630 868 1715 Centobrigenses
887 1630 1138 1711 graeco-latinus
1159 1630 1395 1712 evangehorum
1411 1635 1445 1694 et
1461 1635 1553 1694 acto-

323 1736 408 1796 rum,
438 1717 470 1780 in
499 1717 692 1781 monasterio
722 1734 746 1779 ε.
773 1716 897 1780 Irenaei
923 1717 1071 1797 Lugduni
1109 1717 1200 1780 1562.
1230 1717 1378 1782 inventus
1408 1715 1494 1780 abiit
1520 1715 1552 1779 in

322 1803 556 1883 possessionem
583 1801 741 1868 Theodori
770 1802 889 1882 Bezae,
921 1803 975 1882 qui
1005 1821 1079 1866 eum
1110 1822 1191 1867 anno
1227 1801 1318 1867 1581.
1345 1801 1554 1866 universitati

324 1888 578 1969 Cantabrigiensi
593 1888 731 1953 donavit.
777 1887 1029 1968 Manuscriptum
1044 1888 1104 1952 hoc
1118 1889 1236 1953 multas
1252 1889 1392 1952 continet
1406 1887 1552 1968 pecuha-

321 1974 450 2053 ritates3
467 1975 624 2040 Matthaei
639 1973 837 2054 evangelium
852 1972 999 2054 primum,
1015 1973 1147 2038 loannis
1164 1975 1345 2053 secundum,
1361 1975 1470 2038 Lucae
1487 1979 1553 2036 ter-

322 2059 417 2139 tium,
439 2061 540 2124 Marci
561 2065 711 2141 quartum
733 2064 821 2125 tenet
836 2061 955 2138 locum;
977 2059 1118 2124 adlatus
1133 2066 1240 2124 textus
1255 2059 1486 2141 graeciposita
1504 2063 1554 2123 est

322 2145 426 2209 versio
437 2145 541 2210 latina
557 2146 876 2225 antehieronymiana.
904 2146 1070 2226 Scriptura
1085 2150 1136 2210 est
1150 2145 1299 2210 continua
1315 2145 1394 2210 etin
1408 2150 1552 2226 utroque

322 2235 415 2294 textu
441 2231 677 2295 stichometriea
703 2230 825 2310 absque
851 2231 1033 2296 accentibus
1061 2238 1093 2295 et
1123 2231 1302 2311 spiritibus,
1333 2230 1552 2310 interpunctio

323 2315 488 2379 rarissima
508 2321 571 2395 est,
599 2315 810 2380 correctiones
830 2335 905 2382 vero
925 2335 945 2380 a
965 2317 1104 2380 secunda
1130 2336 1225 2381 manu
1250 2316 1369 2395 laetae,
1394 2316 1552 2381 lectiones

323 2401 501 2482 peculiares
517 2408 550 2466 et
566 2401 702 2466 embolia
715 2401 899 2482 frequenter
917 2407 1094 2466 occurnmt.
1139 2403 1176 2466 In
1198 2402 1369 2483 evangeliis
1390 2402 1552 2466 sectiones

324 2487 479 2566 usitatae,
494 2487 527 2550 in
542 2488 623 2552 actis
638 2506 713 2552 vero
728 2506 748 2550 a
763 2488 903 2551 secunda
918 2507 1012 2552 manu
1027 2487 1202 2568 pericopae
1213 2487 1448 2552 ecclesiasticae
1463 2487 1553 2552 inve·

324 2573 469 2652 niuntur,
492 2591 576 2653 quae
597 2592 667 2637 cum
687 2573 750 2637 illis
766 2573 908 2638 Euthalii
928 2593 991 2638 non
1012 2575 1220 2638 consentiunt.
1265 2574 1393 2638 Literae
1413 2591 1554 2654 graecae

324 2657 490 2722 librarium
505 2658 639 2723 latinum
654 2660 803 2740 produnt,
820 2665 853 2723 et
867 2659 987 2724 multae
999 2655 1092 2724 voces
1104 2659 1233 2741 linguae
1242 2659 1376 2741 gallicae
1387 2658 1553 2739 antiquae,

324 2761 464 2807 necnon
484 2743 650 2809 literarum
671 2744 845 2809 similitudo
867 2764 938 2809 cum
959 2745 1021 2810 illis
1043 2745 1279 2826 evangelistarii
1299 2745 1364 2824 60,
1391 2745 1493 2824 quod,
1518 2751 1554 2808 ut

325 2828 518 2911 subscriptio
534 2830 619 2910 dicit,
635 2832 667 2894 in
680 2830 784 2894 Gallia
798 2830 997 2896 meridionali
1013 2837 1177 2897 exaratum
1193 2836 1250 2910 est,
1267 2831 1399 2895 eandem
1410 2831 1553 2910 patriam

325 2914 354 2978 ei
369 2915 541 2996 assignant.
587 2915 694 2982 Codex
708 2917 792 2990 hice
808 2935 889 2981 saec.
906 2918 959 2981 Vl.
976 2917 1154 2996 descendit,
1177 2923 1299 2981 textum
1320 2921 1427 2980 autem
1448 2914 1553 2979 multo

324 3000 536 3080 antiquiorem
558 3003 700 3083 exhibet,
723 3003 778 3083 qui
797 3001 949 3067 familiam
964 3002 1209 3068 Alexandrinam
1226 3002 1427 3083 potissimum
1443 3001 1552 3082 sequi-

324 3091 386 3166 tur,
402 3088 588 3168 saepissime
601 3106 671 3152 cum
684 3088 828 3152 versione
839 3088 938 3152 latina
951 3090 1122 3154 concordat
1134 3093 1167 3152 et
1177 3107 1239 3153 non
1254 3085 1457 3152 obstantibus
1469 3086 1552 3150 mul-

324 3171 367 3234 tis
383 3173 639 3252 corruptionibus
655 3174 697 3238 ad
712 3174 847 3237 maxime
864 3174 1043 3238 veneranda
1058 3174 1088 3236 N
1090 3225 1096 3236 .
1113 3175 1147 3237 T.
1163 3177 1367 3238 monumenta
1383 3172 1551 3254 pertinet.⁴

414 3256 520 3320 Codea
541 3258 588 3339 D,
617 3259 808 3321 Pcrr'sieost's
827 3260 911 3336 117„
939 3278 958 3322 a
978 3259 1085 3339 priore
1105 3260 1332 3324 asservationis
1357 3257 1426 3323 loco
1452 3257 1550 3339 vulgo

326 3342 591 3407 claromontanus
614 3343 733 3422 dictus,
760 3344 1032 3425 graeco-latinus,
1060 3363 1168 3410 omnes
1187 3345 1279 3409 Pauli
1301 3342 1453 3427 epistolas
1477 3362 1550 3408 con-

324 3429 414 3507 tinet,
431 3428 553 3508 absque
568 3448 680 3493 vocum
695 3430 897 3509 separatione
907 3430 1140 3496 stichometrice
1152 3432 1291 3511 scriptus
1304 3435 1362 3509 est,
1378 3429 1550 3493 asecunda

326 3533 422 3577 manu
436 3513 619 3579 accentibus
636 3521 668 3579 et
683 3514 847 3596 spiritibus
863 3516 1011 3581 munitus.
1049 3518 1230 3582 Literamm
1249 3515 1352 3580 forma
1372 3515 1550 3578 assimilata

325 3597 370 3662 illi
386 3599 503 3663 codicis
520 3599 805 3683 Cantabrigiensis,
832 3601 878 3665 ita
892 3607 929 3664 ut
953 3601 1049 3683 hujus
1075 3602 1269 3666 continuatio
1296 3620 1367 3666 esse
1391 3601 1547 3664 videatur.

326 3683 491 3748 Tribuitur
510 3685 638 3752 Africae
656 3686 875 3768 proconsulari
896 3693 927 3752 et
948 3687 1074 3752 saeculo
1096 3688 1132 3752 V.
1154 3693 1211 3752 aut
1231 3688 1299 3766 VI.;
1322 3706 1394 3752 eum
1414 3704 1490 3749 vero
1512 3705 1549 3749 ex

326 3770 515 3851 antigrapho
535 3772 635 3836 multo
656 3772 835 3867 antiquiore
857 3772 1052 3852 descriptum
1078 3791 1163 3852 esse,
1190 3773 1264 3838 inde
1291 3772 1438 3853 colligere
1463 3771 1547 3849 licet,

337 3926 527 3933 --.-.--.—.-...

396 4028 405 4058 ¹
424 4023 478 4077 Cir.
492 4023 681 4078 Tischendorf:
706 4025 796 4079 Codex
813 4025 943 4093 Ephraim
963 4026 1022 4094 Syri
1041 4026 1187 4094 rescriptas
1206 4027 1260 4080 sive
1277 4025 1427 4094 fragmenta
1438 4025 1472 4078 N.
1485 4023 1515 4077 T.
1532 4038 1546 4076 e

328 4091 384 4145 cod.
397 4107 493 4161 graeco
504 4093 588 4146 Paris.
602 4093 774 4147 celeberrimo
785 4100 835 4147 etc.
858 4094 966 4161 Lipsiae
980 4095 1053 4148 1843.
1082 4095 1119 4146 ·In
1135 4094 1185 4148 hoc
1201 4109 1281 4162 opere
1298 4094 1470 4148 inveniuntur
1485 4093 1545 4146 cha-

327 4167 444 4215 racteres
456 4161 556 4214 similes
569 4161 620 4214 loci
630 4162 651 4214 1.
664 4161 731 4216 Tim.
744 4163 768 4227 3,
781 4163 856 4228 9-4,
870 4165 910 4215 14.

395 4235 405 4265 ²
423 4230 516 4282 Priora
532 4229 682 4298 fragmenta
700 4230 767 4297 (cod.
784 4231 813 4283 P.
827 4237 854 4284 et
865 4230 908 4298 Q.)
927 4231 997 4298 typis
1015 4230 1171 4284 excudenda
1190 4231 1293 4284 curavit
1310 4229 1355 4284 Fr.
1368 4231 1431 4284 Ant.
1445 4226 1544 4283 Knittel

326 4297 470 4352 Brunswic.
485 4298 568 4363 1662,
580 4298 728 4366 posteriore
740 4298 809 4367 (cod.
823 4299 868 4367 T.)
881 4301 949 4368 Aug.
963 4299 1059 4366 Georgi
1070 4299 1170 4353 Romae
1184 4301 1257 4354 1789.

330 4433 335 4444 Ι
394 4367 493 4446 ”Girsu
513 4366 689 4446 Evangelium
707 4383 758 4420 sec.
776 4367 871 4420 Matth.
891 4384 924 4448 ex
940 4366 997 4419 cod.
1010 4368 1139 4435 rescripto
1155 4369 1186 4448 in
1200 4367 1262 4421 bibl.
1280 4367 1385 4436 collegii
1403 4383 1438 4421 εε.
1452 4366 1543 4420 Trinit.

324 4435 1462 4583 abstritssdsstbln

327 4570 410 4624 dratu
423 4572 508 4625 literis
520 4573 718 4640 graeco—latinis
731 4603 763 4612 —
777 4573 859 4626 edidit
871 4572 988 4625 Thomas
998 4572 1134 4642 Krpplmg,
1148 4573 1299 4642 cantabrig.
1313 4573 1387 4626 1793.
1401 4572 1418 4626 2
1429 4572 1490 4626 voll.
1502 4571 1544 4624 fol.

327 4639 367 4693 De
381 4641 466 4708 pretio
478 4639 537 4708 ejus
550 4641 641 4694 critico
654 4642 762 4696 disserit
774 4641 892 4695 Richard
905 4641 996 4694 Simon
1008 4641 1035 4693 in
1047 4641 1108 4696 hiat.
1122 4642 1180 4695 crit.
1193 4642 1243 4695 vol.
1257 4643 1277 4696 l.
1290 4659 1316 4710 p.
1328 4642 1385 4695 360.
1399 4655 1471 4710 seqq.
