3428 5180
801 312 1087 377 „234-

331 488 522 631 praecepita,
544 484 660 564 quibus
681 483 748 548 vita
767 502 843 549 vere
859 483 1078 548 christianam
1094 483 1230 548 diversis
1244 483 1404 566 adjunctis
1420 488 1471 548 est
1487 503 1557 549 con·

345 586 455 634 orman
479 587 507 632 a.

418 653 599 718 Praemisset
615 653 815 719 dedicatione
835 661 872 718 et
887 653 1081 718 salutatione
1097 654 1125 733 1,
1143 654 1234 717 1-3.
1264 654 1440 735 Apostolus
1454 655 1558 720 Deum

332 737 483 803 laudibus
498 739 640 804 celebrat
655 739 695 804 ob
712 739 849 804 salutem
864 739 1089 821 evangehcam,
1105 757 1178 819 qua,
1195 740 1282 819 quod
1296 741 1329 803 in
1343 739 1467 822 gloriae
1482 758 1559 806 suae

332 823 460 889 laudem
476 829 509 889 et
523 825 647 906 gratiae
662 824 951 890 manifestationem
966 825 1007 888 ab
1022 829 1153 889 aeterno
1169 825 1319 904 decrevit,
1335 844 1419 891 nunc
1430 843 1560 890 exsecu-

333 913 386 973 tus
402 910 498 974 estin
515 909 642 975 Christo
658 910 679 974 J
681 929 754 990 esu,
776 929 836 990 per
850 929 946 991 quem
961 915 994 974 et
1008 910 1029 974 J
1031 909 1126 974 udaei
1142 918 1175 974 et
1190 910 1308 975 ethnici
1322 912 1428 976 vocati
1443 911 1559 993 pignus

332 993 542 1063 haereditatis
558 996 920 1082 acceperuntspiritum
936 1013 960 1060 s.
978 996 1007 1074 1,
1022 995 1137 1059 3-14.

418 1079 481 1143 Pro
496 1081 560 1146 tide
576 1085 609 1144 et
624 1081 782 1146 charitate
796 1081 953 1145 lectorum
969 1080 1031 1144 sibi
1045 1080 1195 1144 nunciata
1210 1080 1384 1161 Apostolus
1400 1081 1471 1146 Deo
1488 1099 1559 1146 con-

333 1164 441 1229 tinuas
457 1167 525 1246 agit
540 1166 672 1247 gratias,
689 1165 784 1230 simul
798 1186 874 1231 vero
889 1171 1050 1247 precatur,
1066 1171 1104 1229 ut
1118 1171 1276 1247 augeatur
1292 1185 1402 1230 eorum
1421 1168 1560 1248 cognitio

332 1255 366 1314 et
388 1250 555 1330 sapientia,
578 1252 612 1315 in
634 1251 740 1334 specie
763 1252 897 1316 scientia
918 1251 1148 1333 magnitudinis
1164 1256 1196 1316 et
1211 1251 1333 1331 gloriae
1347 1251 1560 1317 haereditatis

333 1336 568 1414 exspectandae
591 1343 623 1400 et
646 1336 853 1401 sublimitatis
876 1337 1011 1416 Christi,
1035 1337 1090 1418 qui
1112 1337 1232 1401 virtrde
1254 1337 1361 1400 divini
1382 1354 1403 1401 a
1424 1339 1559 1402 mortuis

332 1420 509 1484 suscitatus
530 1421 563 1484 in
586 1421 708 1486 coelum
731 1422 874 1486 elevatus
894 1429 944 1486 est
964 1440 1061 1503 super
1080 1440 1189 1486 omnes
1209 1423 1342 1502 spiritus
1358 1428 1391 1486 et
1406 1422 1559 1488 ecclesiae

333 1510 431 1585 caput
447 1506 640 1571 constitutus
656 1508 684 1586 1,
703 1507 836 1571 15—23.

418 1591 504 1656 Dum
511 1592 686 1672 Apostolus
701 1592 874 1657 lectoribus
885 1593 918 1656 in
930 1592 1115 1658 memoriam
1127 1597 1257 1656 revocat
1267 1592 1439 1672 pristinum
1450 1611 1558 1657 eorum

334 1679 455 1739 statum
476 1677 630 1741 moralem
649 1697 845 1758 perversum,
867 1678 899 1741 in
922 1696 986 1757 quo
1002 1677 1149 1760 justitiae
1171 1677 1297 1741 divinae
1318 1683 1411 1741 erant
1425 1678 1559 1758 obnoxii

335 1778 494 1825 summum
510 1763 725 1827 renovationis
740 1762 917 1844 spiritualis
929 1763 976 1827 eis
987 1762 1029 1827 ob
1041 1763 1149 1827 oculos
1161 1762 1252 1843 ponit
1260 1761 1459 1842 beneficium,
1476 1765 1560 1844 quod

333 1846 380 1993 cleis
398 1866 466 1996 {¹8¹¹
488 1865 505 1912 e
524 1849 664 1929 propriis
685 1849 819 1929 contigit
837 1848 976 1926 meritiS,
999 1848 1056 1912 sed
1079 1866 1096 1911 e
1113 1848 1269 1912 charitate
1285 1855 1318 1912 et
1332 1849 1439 1929 gratia
1455 1849 1517 1914 Dei
1530 1850 1558 1928 2,

418 2017 761 2084 Ethnico-christianos
776 2019 808 2082 in
824 2018 931 2099 specie
945 2023 1069 2096 monet,
1091 2023 1129 2081 ut
1143 2033 1300 2082 memores
1316 2017 1395 2097 sint,
1419 2019 1558 2099 seprius

332 2101 455 2167 alienos
470 2102 569 2168 hrisse
584 2122 604 2166 a
619 2104 686 2167 vita
701 2103 852 2184 religiosa
866 2102 976 2184 populi
987 2102 1161 2181 israelitici,
1177 2103 1245 2167 sine
1256 2103 1413 2167 bonorum
1424 2104 1558 2184 promis-

332 2181 441 2252 sorum
457 2206 523 2269 spe,
539 2188 662 2268 absque
676 2189 755 2268 Deo,
771 2207 854 2253 nunc
868 2207 953 2266 vero,
969 2206 1068 2268 quum
1084 2187 1231 2252 Christus
1245 2206 1303 2269 per
1317 2193 1455 2252 mortem
1470 2207 1558 2253 suam

332 2274 404 2353 lege
427 2272 584 2353 abrogata
605 2273 762 2354 parietem
784 2274 869 2338 inter
883 2273 1026 2337 Judaeos
1048 2278 1081 2337 et
1101 2273 1243 2338 ethnicos
1259 2274 1465 2353 destruxerit,
1489 2293 1557 2339 curn

331 2357 396 2423 illis
411 2357 443 2421 in
459 2376 557 2422 unum
573 2377 689 2439 corpus
705 2377 776 2423 esse
790 2360 985 2440 conjunctos,
1008 2377 1080 2422 cum
1094 2359 1164 2424 Deo
1184 2357 1406 2424 reconciliatos
1422 2365 1456 2424 et
1471 2360 1558 2441 regni

332 2442 430 2508 divini
445 2443 619 2524 participes
633 2442 736 2508 factos
751 2444 781 2523 2,
798 2444 933 2507 11—22.

421 2527 656 2593 Commemorat
672 2547 764 2592 suurn
771 2529 918 2609 Apostoh
934 2528 1076 2609 gentium
1091 2546 1206 2592 munus
1222 2533 1254 2592 et
1269 2527 1418 2608 odicium,
1434 2530 1556 2594 redem-

334 2613 431 2677 tionis
457 2613 644 2692 mysterium
671 2613 732 2677 sibi
757 2613 934 2678 revelatum
959 2614 1044 2677 inter
1068 2631 1177 2677 omncs
1203 2618 1315 2694 gentes
1336 2614 1556 2694 praedicandi;

337 2698 443 2762 denuo
464 2716 596 2778 precum
618 2717 748 2762 suarum
767 2699 920 2778 meminit,
942 2705 979 2762 ut
992 2698 1129 2762 lectores
1142 2699 1175 2762 in
1192 2695 1258 2762 fide
1273 2704 1305 2763 et
1320 2699 1480 2764 charitate
1495 2718 1557 2764 cre

337 2788 437 2862 scant,
461 2782 574 2847 salutis
589 2782 732 2848 infinitae
747 2785 926 2865 cognitione
940 2783 1133 2864 imbuantur,
1156 2789 1189 2848 et
1203 2784 1495 2864 supereminentem
1510 2803 1557 2849 co-

332 2873 487 2951 gnoscant
502 2869 691 2933 charitatem
708 2868 828 2933 Christi
842 2870 872 2948 3,
889 2871 1002 2932 1—21.

416 2953 457 3017 Io
474 2967 568 3036 parte
587 2956 734 3036 practica
756 2954 914 3018 dictorum
941 2953 1138 3018 consectaria
1165 2957 1366 3032 exponuntur
1391 2953 1435 3016 ad
1461 2954 1556 3017 vitam

332 3057 408 3102 vere
423 3039 629 3102 christianam
644 3039 852 3104 formandam.
882 3039 1139 3103 Fundamentum
1160 3044 1192 3102 et
1207 3038 1346 3102 conditio
1361 3038 1459 3119 hujus
1474 3039 1555 3102 vitae

276 3119 283 3130 '
333 3130 384 3187 est
405 3124 545 3188 omniurn
565 3123 672 3188 unitas
695 3125 727 3188 in
749 3123 813 3188 fide
834 3130 867 3188 et
888 3124 920 3187 in
944 3124 1111 3201 charitate,
1133 3141 1198 3203 qua
1221 3123 1349 3186 diversa
1370 3123 1511 3203 Spiritus
1532 3141 1554 3186 s.

332 3209 416 3272 dona
430 3208 601 3287 unicuique
617 3226 767 3273 concessa
786 3209 961 3273 secundum
975 3208 1208 3272 institutionem
1224 3207 1344 3272 Christi
1359 3208 1401 3270 ad
1418 3226 1554 3272 commu·

331 3312 404 3357 nem
426 3293 620 3356 adhibentur
640 3294 827 3371 utihtatem,
850 3294 952 3357 omnis
974 3294 1139 3357 doctrinae
1155 3292 1349 3357 incertitudo
1365 3298 1554 3372 removetur,

332 3380 405 3442 viva
426 3378 572 3442 veritatis
595 3378 714 3458 agnitio
737 3384 770 3442 et
791 3385 902 3442 mutuo
922 3377 1039 3442 auxilio
1060 3385 1246 3442 cunctorum
1260 3376 1415 3457 perfectio
1431 3397 1555 3459 promo·

333 3469 427 3528 vetur
441 3463 471 3541 4,
490 3463 602 3526 1-16.

419 3547 466 3610 Ex
481 3548 593 3611 mtima
609 3566 680 3611 cum
690 3547 817 3612 Christo
832 3548 948 3612 unione
964 3547 1126 3611 enascitur
1141 3546 1290 3625 officium,
1306 3553 1344 3610 ut
1358 3546 1459 3626 priori
1475 3547 1555 3610 vitae

334 3633 479 3696 ethnicae
494 3631 686 3711 valedicent,
710 3632 921 3713 spirituahter
935 3637 1038 3696 semet
1053 3636 1221 3710 renovent,
1244 3632 1290 3694 ita
1305 3637 1343 3694 ut
1357 3649 1393 3695 se
1408 3631 1555 3695 abdicant

334 3716 375 3780 ab
396 3716 542 3780 omnibus
564 3717 660 3780 animi
675 3717 892 3796 passionibus:
914 3718 953 3781 ab
968 3717 1149 3795 iracundia,
1172 3715 1259 3781 furto
1275 3721 1351 3794 etc,
1375 3724 1408 3780 et
1423 3717 1555 3780 virtutes

335 3801 512 3864 contrarias
528 3801 641 3880 colant,
659 3821 695 3866 eo
711 3802 814 3882 magis
829 3821 904 3866 vero
919 3800 1044 3882 higiant
1057 3799 1188 3882 flagitia,
1211 3806 1248 3864 ut
1263 3800 1441 3879 avaritiam,
1464 3799 1555 3865 iorni-

336 3885 494 3950 cationem
510 3891 579 3964 etc,
595 3904 677 3966 quae
693 3905 713 3950 a
727 3905 825 3967 regno
833 3887 894 3950 Dei
906 3887 1001 3966 plane
1012 3886 1193 3956 excludunt.
1224 3886 1334 3949 Omnis
1348 3885 1496 3950 doctrina
1509 3885 1555 3950 his

335 3970 496 4036 contraria
511 3989 593 4034 vana
608 3978 657 4034 est
673 3975 705 4035 et
721 3971 892 4051 rejicienda
906 3971 936 4050 4,
954 3971 1067 4049 17—5,
1083 3971 1134 4034 20.

420 4054 478 4118 Ad
490 4055 585 4117 vatam
599 4054 747 4117 socialem
762 4055 921 4120 transiens
936 4055 1110 4136 Apostolus
1126 4055 1229 4134 docet,
1252 4072 1410 4135 quaenam
1427 4054 1491 4118 sint
1505 4071 1555 4134 pc-

335 4140 468 4205 culiaria
482 4139 587 4204 cilicia
602 4141 780 4221 conjugum,
795 4146 964 4220 parentum
980 4139 1013 4204 et
1027 4140 1210 4217 liberorum,
1231 4157 1397 4203 servorum
1412 4144 1446 4203 et
1461 4137 1555 4203 dorni·

334 4244 447 4290 norum
462 4225 492 4303 5,
508 4226 623 4303 21—6‚
640 4225 668 4288 9.

398 4383 401 4389 ,
421 4310 574 4390 Sequitur
588 4309 772 4373 adhortatio
787 4309 829 4371 ad
844 4308 1050 4389 vigilantiam,
1074 4308 1116 4380 ad
1132 4314 1295 4372 strenuam
1309 4325 1453 4388 pugnam
1468 4305 1555 4388 spiri-

335 4395 455 4458 tualem
471 4399 504 4458 et
519 4395 562 4458 ad
576 4391 767 4471 orationem
789 4393 934 4471 additur,
957 4394 1130 4473 Tychicum
1144 4393 1344 4458 accuratiora
1359 4392 1476 4456 nuncia
1490 4408 1556 4456 esse

336 4479 509 4542 allaturum
525 4483 557 4542 et
571 4479 751 4542 faustorum
766 4478 951 4558 apprecatio
968 4477 1136 4557 epistolam
1151 4476 1221 4543 finit
1236 4478 1265 4557 6,
1284 4477 1418 4541 10-24.
