3314 5166
595 348 881 411 —129-

137 533 233 578 eorum
246 534 308 579 non
322 513 433 579 stricte
448 516 651 597 premebant,
673 516 875 599 naufragium
896 517 1055 596 fecerunt,
1079 517 1155 598 quia
1168 517 1221 582 vel
1233 518 1346 582 huma·

135 619 198 663 nam
213 599 328 665 Christi
342 605 491 665 naturam
506 603 575 683 ejus
591 603 771 684 divinitate,
794 603 844 668 vel
858 603 940 668 hanc
954 603 1154 668 humanitate
1169 604 1238 684 eJus
1254 602 1347 684 quasi

135 685 306 766 absorptam
319 692 612 767 repraesentarunt.
656 688 695 752 N.
711 689 745 752 T.
762 694 910 754 auctores
924 707 1016 768 vero,
1032 689 1177 771 quamvis
1192 688 1345 768 illiterati,

134 770 297 850 periculum
317 772 378 838 hoc
400 771 581 838 felicissime
603 773 780 854 evitarrmt,
807 780 840 841 et
862 774 1032 855 utriusque
1054 780 1190 839 naturae
1211 774 1244 838 in
1266 775 1347 839 lesu

134 856 268 921 unionem
282 858 427 922 intimam
442 859 565 940 absque
578 859 645 924 ulla
659 859 842 927 confirsione
857 861 1064 926 delinearunt.
1103 860 1271 942 Singulare
1285 861 1346 925 hoc

132 942 358 1021 phaenomenon
374 944 523 1025 explicari
544 946 668 1027 nequit,
691 946 752 1010 nisi
773 966 809 1011 ex
830 947 982 1010 diuturna
1004 965 1114 1011 eorum
1130 965 1202 1010 cum
1218 944 1346 1010 Christo

133 1031 371 1109 conversatione,
395 1049 460 1111 qua
474 1050 627 1111 praesens
642 1031 783 1097 efficacia
805 1033 974 1114 utriusque
989 1038 1124 1096 naturae
1144 1032 1213 1112 ejus
1227 1031 1275 1095 ita
1290 1049 1345 1096 eos

131 1111 287 1195 afficiebat,
303 1122 413 1180 utnon
427 1122 559 1197 possent
570 1118 753 1198 dissociare,
770 1137 854 1200 quae
865 1117 1043 1184 arctissime
1054 1118 1230 1200 conjuncta,
1246 1117 1345 1198 hypo-

131 1200 234 1265 statice
253 1201 345 1266 unita
359 1208 584 1284 perceperant,
607 1222 665 1269 nec
688 1203 897 1285 conbmdere,
921 1223 1005 1286 quae
1028 1222 1087 1269 ceu
1109 1203 1260 1268 distincta
1276 1202 1345 1268 sani

131 1303 232 1350 sensus
248 1305 302 1352 eos
317 1288 485 1354 docebant.
639 1320 643 1326 ·

206 1371 350 1457 Odjoctcb.
396 1374 518 1440 Cuncta
532 1375 612 1440 haec
629 1375 697 1441 fere
713 1377 825 1441 eodem
847 1377 941 1442 modo
962 1375 995 1440 in
1015 1375 1179 1456 evangeho
1195 1373 1297 1440 Marci
1312 1379 1345 1439 et

129 1455 224 1522 Lucae
242 1478 306 1524 non
325 1459 442 1540 minus,
465 1479 502 1525 ac
523 1461 556 1525 in
571 1462 740 1544 evangeho·
750 1463 908 1528 Matthaei
930 1466 962 1527 et
977 1461 1110 1526 Joannis
1124 1461 1344 1540 inveniuntur3

129 1543 209 1624 atqui
223 1545 351 1610 Marcus
374 1551 407 1610 et
428 1547 533 1612 Lucas
554 1568 617 1612 non
640 1553 732 1613 erant
753 1548 930 1613 immediati
950 1565 1074 1627 rerum,
1101 1565 1182 1628 quas
1203 1549 1343 1626 narrant,

128 1633 225 1710 testes,
242 1650 319 1714 ergo
333 1632 415 1697 tales
431 1632 471 1698 ob
484 1640 674 1714 argumenta
688 1634 786 1698 allata
800 1653 904 1715 neque
919 1634 1034 1714 reliqui
1046 1633 1261 1714 evangelistae
1272 1651 1344 1698 esse

128 1713 242 1781 debent.
286 1717 462 1783 Praeterea
483 1720 516 1784 in
537 1719 600 1784 illis
615 1720 763 1801 partibus
786 1720 994 1801 epistolarum
1008 1719 1116 1799 Pauli,
1140 1719 1196 1783 ubi
1216 1719 1256 1786 de
1271 1737 1343 1799 per-

127 1817 195 1864 sona
207 1802 327 1869 Christi
340 1803 492 1886 loquitur,
509 1806 629 1885 eadem,
646 1806 730 1870 acin
741 1805 812 1870 aliis
823 1805 862 1869 N.
873 1806 907 1870 T.
920 1805 1010 1870 libris
1022 1806 1062 1870 dc
1077 1809 1216 1885 utraque
1227 1811 1343 1868 natura

127 1883 234 1952 Christi
249 1890 396 1954 doctrina
411 1891 676 1972 deprehenditur3
699 1910 771 1956 cum
792 1911 867 1956 vero
882 1891 1004 1954 Paulus
1026 1909 1155 1971 quoque
1174 1909 1238 1954 non
1257 1894 1343 1954 esset

125 1971 320 2041 immediatus
336 1976 456 2042 Christi
471 1977 656 2059 discipulus
672 1996 731 2043 nec
745 1977 941 2059 rquuorum
957 1976 996 2040 N.
1012 1975 1046 2040 T.
1062 1975 1217 2041 librorum
1232 1981 1342 2039 aucto·

125 2075 170 2122 res
185 2060 263 2126 tales
278 2063 418 2128 habendi
434 2068 517 2127 sunt.
1113 2117 1115 2124 .

200 2147 296 2232 Reop.
341 2149 372 2215 S.
387 2149 492 2214 Lucas
507 2169 570 2214 non
584 2148 738 2214 incertam
759 2147 877 2213 sarnam
893 2151 1039 2227 secutus,
1062 2147 1120 2211 sed
1138 2145 1178 2211 ab
1194 2145 1234 2210 iis
1249 2164 1342 2211 accu-

124 2233 186 2294 rate
197 2234 338 2315 edoctus
353 2237 435 2319 „qai
443 2235 482 2298 ab
498 2237 588 2299 ioc'tz‘o
604 2236 672 2319 qino·
682 2235 826 2299 viderunt
838 2248 865 2298 et
875 2231 1343 2317 1011001111Ῐ110111011010101111(
1361 2233 1366 2242 ’

124 2313 162 2396 (1,
176 2319 203 2382 2.
219 2321 272 2402 3.),
288 2321 488 2403 evangelium
503 2340 597 2386 suum
612 2320 755 2403 scripsit3
778 2339 802 2384 1.
818 2321 948 2386 Marcus
963 2324 1084 2399 autem,
1100 2321 1242 2382 testante
1257 2317 1342 2383 omni

124 2403 317 2486 antiquitate,
336 2407 425 2472 Petri
439 2407 586 2488 Apostoh
602 2413 672 2472 0111
686 2406 872 2489 discipulus,
888 2423 993 2472 comes
1008 2410 1041 2469 et
1054 2405 1222 2486 interpres.
1251 2403 1341 2467 Libri

122 2487 224 2571 itaque
237 2493 353 2558 horum
366 2493 508 2557 virorum
529 2493 611 2558 tales
627 2493 848 2559 considerandi
870 2497 960 2572 sunt,
986 2510 1044 2572 per
1066 2508 1147 2572 quos
1161 2489 1224 2572 ipsi
1238 2494 1339 2554 testes

121 2571 289 2644 immediati
309 2578 493 2661 loquantur.
535 2578 565 2642 Α
584 2598 626 2644 11.
645 2579 735 2646 Luca
755 2584 788 2644 et
804 2579 914 2644 Marco
936 2577 1037 2660 igitur
1058 2575 1179 2640 frustra
1201 2575 1338 2657 obJectio

122 2664 287 2744 repetitur;
310 2667 397 2745 quod
417 2665 501 2729 enim
521 2665 554 2729 hi
573 2665 606 2729 in
621 2665 780 2746 adjunctis
796 2665 862 2729 suis
877 2663 1092 2744 peculiaribus
1113 2660 1238 2728 efficere
1252 2661 1339 2727 vale-

122 2743 207 2830 bant,
229 2771 293 2816 non
307 2751 390 2816 alius
403 2751 585 2832 quicunque
599 2751 632 2815 in
646 2750 717 2814 aliis
740 2749 987 2814 circumstantiis
1003 2747 1167 2816 efficiendo
1182 2767 1242 2828 par
1257 2752 1335 2812 erat.

122 2831 207 2909 Quod
220 2856 297 2902 vero
313 2855 338 2902 1.
353 2837 489 2901 Paulum
504 2836 629 2916 attinet,
644 2843 712 2900 tam
724 2841 797 2900 acta
810 2836 880 2916 Ap,
904 2853 1001 2915 quam
1016 2835 1085 2915 ejus
1100 2833 1201 2914 ipsius
1217 2833 1336 2913 episto-

120 2915 165 2982 lae
178 2921 306 3003 docent,
330 2942 403 2989 eum
425 2922 602 2987 doctrinam
617 2941 709 2986 suam
723 2920 840 2986 nemini
854 2920 1028 2998 hominum,
1053 2919 1111 2983 sed
1130 2918 1336 2982 immediatae

120 3002 139 3066 J
140 3023 192 3070 esu
203 3007 324 3074 Christi
338 3007 525 3074 revelationi
539 3007 697 3088 debuisse,
714 3013 746 3072 01
757 3006 935 3088 peculiares
946 3005 1049 3070 eidem
1061 3003 1231 3085 contigisse
1245 3022 1335 3074 reue-v

119 3087 261 3175 lationes,
284 3095 402 3177 quibus
424 3095 464 3159 ab
486 3081 557 3175 ipso
572 3093 708 3159 Domino
723 3093 764 3158 de
779 3092 932 3157 doctrinis
952 3090 1148 3173 gravissimis
1163 3107 1252 3154 mens
1267 3088 1336 3170 ejus

119 3176 301 3246 collustrata
323 3186 394 3246 erat
414 3179 484 3260 (cfr.
501 3180 570 3245 Gal.
589 3183 616 3260 1.,
637 3182 684 3243 12.
704 3180 734 3260 2,
748 3179 778 3244 2.
812 3178 836 3241 Ι.
854 3177 925 3242 Cor.
942 3178 970 3258 7,
988 3178 1037 3241 10.
1061 3177 1174 3257 11,23.
1206 3175 1247 3238 Π.
1264 3174 1335 3272 Cor.

120 3261 163 3344 12,
177 3269 201 3329 l.
217 3285 306 3348 seqq.
319 3266 382 3349 11).
421 3266 528 3342 Quare
542 3265 663 3330 Paulus
674 3266 745 3346 hp,
760 3269 919 3347 quatenus
934 3263 1111 3328 doctrinam
1126 3261 1147 3325 J
1149 3280 1206 3326 esu
1217 3260 1336 3325 Christi

118 3363 184 3416 cum
196 3351 332 3419 historia
346 3353 525 3418 arctissime
540 3370 711 3418 connexam
726 3350 884 3432 proponit,
898 3349 1102 3415 immediatus
1117 3346 1210 3412 testis
1226 3351 1283 3412 011.

671 3573 699 3655 §-
723 3574 774 3639 ar.

118 3707 371 3774 suppositionem
378 3713 538 3763 librorum
546 3711 588 3763 N.
595 3711 629 3762 'E
640 3710 785 3761 excludit
796 3721 960 3760 sacrorum
972 3711 1141 3758 auctorum
1154 3707 1332 3758 character.

195 3867 347 3949 Quisquis
357 3867 396 3932 N.
408 3867 443 3931 T.
456 3865 555 3931 libros
570 3865 692 3947 absque
706 3862 912 3945 praejudiciis
925 3861 1050 3944 legerit,
1064 3879 1128 3926 non
1137 3860 1257 3943 poterit
1270 3881 1334 3926 non

115 3965 327 4104 cognqffcsslrgm
347 3986 571 4122 praestantem
584 4038 618 4102 in
640 4036 768 4117 scriptis
786 4035 874 4099 hisce
894 4033 980 4098 tradi
998 4051 1123 4098 morum
1145 4031 1331 4110 doctrinam,

115 4125 149 4184 ut
168 4132 316 4191 auctores
339 4126 414 4207 viri,
439 4143 536 4190 sensu
550 4124 617 4190 veri
637 4123 826 4202 honestique
844 4119 1040 4186 viridissimo
1058 4118 1199 4202 praediti
1220 4116 1332 4182 haberi

117 4205 427 4380 uobegntgcriptms
439 4314 548 4361 sacros
562 4294 679 4360 nemini
690 4291 824 4371 adulari,
840 4292 898 4356 sed
912 4290 952 4356 ab
969 4289 1053 4355 omni
1067 4288 1208 4370 partium
1224 4286 1331 4352 Studi⁰

116 4385 167 4444 aut
181 4384 253 4450 odio
269 4385 478 4450 charissimos
494 4400 627 4464 0110101,
643 4380 721 4450 vitia
735 4383 768 4443 et
783 4378 913 4456 scelera,
928 4377 1110 4456 ubicunque
1124 4373 1240 4454 adsint,
1257 4372 1331 4438 abs·

115 4481 174 4545 quc
187 4470 368 4537 discrimine
382 4464 510 4552 aequali
524 4467 696 4533 severitate
711 4482 860 4546 arguere3
874 4464 938 4528 imo
1185 4543 1226 4557 ..

194 4557 224 4620 3.
245 4577 307 4623 non
323 4576 454 4624 suorum
468 4559 607 4634 tantum,
631 4552 689 4619 scd
704 4551 802 4617 etiam
816 4568 908 4615 suam
922 4549 1066 4630 ipsorum
1079 4545 1330 4612 imbccrlbtatem

165 4651 286 4711 (1111111111,
295 4659 380 4699 Introd.
391 4659 416 4698 ln
425 4658 452 4699 N.
463 4657 489 4696 Τ.
500 4655 577 4696 libros.
1110 4647 1126 4699 9
1251 4690 1257 4702 ι
