3356 5176
757 276 1022 339 „20-

279 444 450 526 Pragensis
465 463 527 510 non
543 450 593 508 est
607 445 793 524 peculiaris,
819 446 877 509 sed
895 445 999 508 versio
1015 444 1278 524 Hieronymiana,
1304 442 1502 524 proindeque

278 534 450 610 utrumque
465 534 703 594 monumentum
717 549 780 595 non
794 536 869 596 ante
885 529 1048 594 saeculum
1063 530 1099 594 V.
1117 528 1213 594 scribi
1227 530 1363 610 potuit.l

839 751 867 832 s.
892 752 941 817 15.

626 887 746 939 carruae
760 887 874 938 celeris
885 888 981 948 hujus
994 887 1156 938 interitus.

364 1038 482 1103 Mirum
497 1038 639 1120 profecto
654 1040 757 1105 videri
771 1045 890 1121 posset,
905 1040 1124 1122 protographa
1138 1039 1176 1103 N.
1189 1039 1223 1102 T.
1239 1039 1403 1117 librorum,
1420 1055 1503 1117 quae

279 1128 385 1188 tamen
410 1143 545 1206 magnae
570 1125 703 1189 utilitati
723 1125 861 1190 fuissent
882 1126 1057 1208 primorum
1079 1125 1278 1190 saeculorum
1303 1123 1503 1202 Christianis,

277 1213 344 1273 tam
358 1213 484 1274 mature
498 1211 667 1290 interiisse,
682 1211 729 1274 ita
743 1218 781 1275 ut
791 1212 858 1293 Ι11111
874 1231 955 1277 saec.
972 1212 1012 1275 Π.
1028 1211 1148 1275 nullum
1162 1210 1257 1291 plane
1269 1229 1380 1275 eorum
1391 1227 1504 1289 super-

278 1299 363 1359 esset
377 1295 557 1376 vestigium.
591 1296 655 1360 Sed
669 1296 778 1377 plures
793 1297 927 1378 cogitari
942 1301 1077 1378 possunt
1091 1315 1220 1375 causae,
1244 1314 1327 1376 quae
1349 1295 1381 1358 in
1405 1293 1503 1374 expli-

280 1379 405 1444 catione
420 1380 514 1460 hujus
529 1381 738 1462 phaenomeni
753 1401 811 1447 nos
823 1383 943 1464 juvent,
960 1382 1135 1462 etquidem

364 1465 391 1528 1.
413 1466 572 1550 frequens
587 1490 662 1530 osus
669 1493 681 1549 ,-
703 1487 777 1532 nam
799 1467 994 1549 experientia
1009 1471 1093 1532 teste
1107 1466 1148 1531 ab
1163 1465 1374 1547 apographis,
1390 1483 1502 1546 quam-

267 1549 324 1612 ¹vis
339 1549 476 1614 maxima
497 1551 663 1632 diligentia
686 1554 839 1633 exaratis,
866 1553 917 1617 vix
940 1572 1081 1634 unquam
1105 1552 1210 1616 omnia
1232 1551 1357 1616 omnino
1384 1549 1503 1614 absunt

277 1635 407 1714 menda;
423 1637 510 1716 quod
525 1655 596 1700 cum
611 1657 673 1702 non
686 1639 872 1720 ignararent
886 1638 980 1719 primi
989 1637 1170 1716 Christiani,
1183 1636 1318 1717 quilibet
1330 1640 1416 1700 certe
1428 1635 1503 1699 libri

276 1720 444 1800 apostolici
473 1723 681 1803 apographon
711 1743 749 1788 ex
774 1724 972 1806 autographo
998 1723 1123 1805 potius,
1155 1741 1251 1802 quam
1274 1741 1312 1786 ex
1336 1721 1398 1786 alio
1422 1739 1500 1802 apo-

276 1805 399 1886 grapho
414 1807 627 1887 desiderabat.

361 1891 390 1954 2.
416 1891 552 1956 Chartae
561 1893 699 1975 11111111,
715 1893 832 1958 etenim
842 1893 1002 1976 frequenti
1013 1913 1075 1958 usu
1085 1891 1376 1974 protograpborum
1390 1891 1502 1956 interi-

275 1980 328 2039 tus
352 1977 524 2042 accelerari
547 1997 584 2043 eo
607 1979 709 2061 magis
732 1979 887 2059 debebat,
915 1980 943 2044 si
963 1981 995 2043 in
1015 1980 1127 2044 charta
1141 1977 1245 2042 minus
1261 1977 1364 2042 solida
1379 1977 1502 2058 scripta

276 2065 382 2140 erant;
399 2081 470 2126 cum
481 2082 556 2127 vero
568 2063 606 2126 N.
620 2064 654 2126 T.
666 2068 814 2129 auctores
829 2084 891 2128 non
906 2065 1040 2129 nominis
1057 2063 1275 2129 celebritatem
1289 2063 1501 2141 intenderent,

276 2163 330 2210 eos
347 2146 505 2227 chartam,
522 2165 604 2228 quae
619 2153 677 2212 aut
690 2155 820 2229 praesto
836 2153 915 2230 erat,
931 2155 987 2214 aut
1001 2148 1129 2213 facilius
1142 2147 1405 2230 comparabatur,
1427 2147 1502 2212 hinc

276 2235 309 2295 et
323 2231 500 2297 tenuiorem
514 2233 708 2314 adhibuisse,
722 2234 810 2298 haud
825 2238 875 2298 est
889 2253 965 2300 vero
980 2234 1142 2298 dissimile.

361 2317 390 2380 3.
416 2315 585 2381 Charactcr
596 2319 767 2404 encyclicas
778 2319 918 2400 plurium
928 2319 967 2383 N.
980 2320 1014 2383 T.
1027 2319 1197 2398 librorum,
1210 2337 1282 2383 cum
1292 2318 1375 2382 enim
1385 2318 1501 2383 horum

276 2402 496 2483 protographa
511 2403 628 2468 nemini
642 2404 675 2468 in
691 2405 797 2486 specie
812 2405 974 2469 destinata
985 2409 1101 2485 essent,
1116 2423 1208 2470 nemo
1221 2404 1318 2469 etiam
1327 2422 1501 2486 praeroga-

276 2487 375 2550 tivam
390 2489 602 2568 possessionis
612 2493 785 2556 eorundem
797 2491 910 2555 merito
922 2491 984 2555 sibi
995 2509 1147 2572 arrogare
1157 2490 1279 2571 potuit;
1295 2490 1381 2570 quod
1391 2495 1501 2554 autem

275 2571 307 2634 in
327 2571 445 2636 nullius
467 2580 517 2638 est
539 2577 757 2656 possessione,
779 2575 928 2640 facillime
949 2577 1041 2656 perit.
1080 2576 1143 2652 Qui
1164 2575 1288 2656 priores
1310 2580 1502 2656 acceperant

275 2659 505 2739 autographon,
522 2659 581 2724 hoc
592 2659 784 2742 apographis
798 2661 860 2724 sibi
869 2662 992 2741 paratis
1002 2662 1045 2725 ad
1057 2661 1136 2725 ahos
1147 2661 1279 2725 missum
1291 2680 1352 2725 non
1364 2661 1502 2741 ampHus

184 2744 186 2749 ’
278 2742 448 2822 curabant;
475 2745 609 2809 ecclesia
624 2765 716 2826 vero,
743 2747 794 2811 cui
808 2752 991 2826 postremae
1005 2747 1084 2810 illud
1095 2747 1162 2827 J'am
1177 2747 1332 2810 detritum
1346 2746 1502 2810 traditum

277 2831 356 2908 erat,
370 2847 452 2893 nova
467 2830 660 2911 exemplaria
676 2851 713 2898 111
724 2832 777 2896 illo
790 2836 939 2897 accurate
950 2833 1112 2913 descripta
1124 2851 1185 2896 non
1196 2835 1326 2912 poterat
1334 2851 1397 2896 non
1407 2849 1501 2911 prae-

275 2911 359 2978 ferre
374 2916 592 2996 protographo
604 2917 671 2998 jam
686 2917 835 2998 lacerato,
850 2918 949 2999 idque
965 2937 1002 2983 eo
1018 2917 1128 2999 magis,
1145 2918 1173 2983 si

345 3119 355 3149 ¹
372 3115 564 3183 Fragmentum
576 3118 724 3186 Pragense,
742 3118 812 3186 quod
829 3118 858 3170 in
875 3117 988 3171 ecclesia
1005 3117 1209 3186 metropolitana
1225 3134 1286 3171 cum
1302 3117 1362 3171 aliis
1379 3116 1500 3186 reliquiis

275 3181 400 3303 pretiosis
412 3183 535 3252 religiose
547 3192 706 3251 asservatur,
725 3193 759 3251 11,
778 3185 897 3254 quamvis
909 3186 982 3239 haud
995 3186 1030 3239 sit
1046 3202 1066 3239 s.
1079 3186 1165 3239 Marci
1182 3185 1373 3254 autographon,
1390 3201 1500 3240 venera·

293 3249 329 3304 ile
346 3255 436 3304 tamen
455 3258 496 3304 est
513 3252 679 3319 antiquitatis
695 3260 907 3322 monumentum
919 3286 952 3293 -
969 3252 1148 3323 fragmentum
1164 3255 1311 3322 Pragense,
1329 3254 1451 3322 inquam,
1471 3261 1501 3308 ut

272 3318 329 3385 Jam
342 3318 465 3385 diximus,
484 3326 635 3374 constater
647 3321 747 3376 ultimis
766 3323 869 3376 duobus
882 3323 1099 3390 quaternionibus
1112 3338 1160 3376 seu
1171 3338 1186 3377 e
1198 3323 1313 3376 sedecim
1326 3320 1404 3387 foliis,
1422 3329 1450 3376 et
1461 3324 1500 3375 in-

275 3386 340 3454 cipit
352 3403 368 3440 a
379 3387 467 3442 verbis
482 3391 521 3453 12,
534 3389 590 3442 at:

632 3465 666 3510 Et
678 3465 803 3512 secundus
814 3466 914 3525 accepit

684 3533 747 3578 Eam
762 3539 787 3580 et
798 3538 910 3580 mortuus
924 3540 961 3580 est

633 3601 667 3646 Et
679 3616 725 3647 nec
737 3603 785 3648 iste
798 3602 908 3661 reliquid

684 3669 774 3716 Samen

276 3731 304 3778 et
315 3724 409 3778 finitur
420 3728 528 3781 vocibus
542 3730 582 3794 16,
594 3730 650 3784 101

567 3809 568 3812 ’
632 3806 673 3850 1111
686 3810 770 3851 autem
782 3806 891 3864 profecti

683 3873 901 3919 Praedicaverunt

735 3941 834 4001 Ubique

633 4003 691 4055 Dn'o
704 4014 858 4068 cooperante

683 4078 717 4122 Et
729 4091 870 4124 sermonem
884 4079 961 4124 confir

737 4151 822 4192 manta
835 4160 930 4204 sequen

785 4213 854 4260 tibus
867 4214 947 4273 signis

1091 4284 1181 4330 Amen.

344 4338 464 4392 Duorum
476 4341 679 4407 quaternionum
692 4341 813 4396 defectus
827 4342 1016 4410 (fragmentum
1029 4344 1174 4412 Pragense)
1186 4345 1214 4397 in
1233 4345 1322 4398 codice
1335 4343 1498 4412 Aquileiensi

276 4405 407 4473 evangelii
419 4407 505 4461 Marci
516 4415 642 4462 accurato
654 4425 704 4477 apo
723 4411 806 4477 rapho
819 4419 1005 4478 compensatus
1018 4418 1070 4479 est;
1089 4428 1202 4480 quonam
1214 4413 1265 4466 hoc
1276 4413 1434 4481 pervenerit,
1446 4427 1498 4465 non

275 4473 397 4526 innotuit.
423 4475 476 4528 Cir.
489 4476 544 4530 Fra
563 4483 681 4532 mentum
693 4427 828 4545 fragense
845 4479 974 4546 evangelii
994 4496 1014 4532 s.
1027 4480 1113 4534 Marci
1125 4480 1204 4548 vulgo
1215 4480 1381 4550 autographi.
1405 4479 1498 4534 Edidit

276 4541 332 4595 Jos.
347 4541 518 4614 Dobrowsky.
542 4494 645 4614 {ragae
660 4545 734 4599 1778.
767 4548 770 4554 '
