3314 5166
771 329 1057 393 -116—-

297 501 421 600 IJlinius
435 501 509 566 hist.
525 504 590 565 nat.
605 499 659 565 lib.
674 499 704 566 3.
720 517 746 566 c.
761 499 791 564 3.
806 497 861 564 lib.
876 498 928 565 35.
943 515 970 566 c.
984 498 1026 580 5.,
1040 498 1151 564 livius
1165 498 1219 563 lib.
1234 498 1286 564 28.
1301 498 1331 563 8.
1345 498 1399 564 lib.
1414 500 1517 566 3217.

296 587 350 652 hb·
365 586 420 753 4iii
433 586 512 736 2iiiut.
529 670 579 749 19,
597 669 644 734 15.
674 667 798 753 Ephesi
815 666 1022 754 γραμματεύς
1042 673 1153 733 tantae
1174 667 1380 733 auctoritatis
1394 668 1518 749 sistitur,

298 761 336 820 ut
353 756 526 821 tumultum
545 754 657 837 populi
678 755 793 820 sedare
814 753 945 819 valeret.
991 752 1158 818 Consentit
1176 754 1251 818 5515
1270 753 1419 818 relationi
1438 755 1519 820 scho-

297 841 394 939 liasta
409 842 451 906 55
466 839 660 938 Thucydidis
677 839 706 919 7,
725 839 922 938 15555555,
945 844 1146 988 γραρὲιατεῖς
1168 839 1255 958 apud
1270 837 1413 905 Graecos
1429 839 1520 904 trisse

296 925 650 1080 aigiiiiiiiliituiriiius
665 942 744 990 cura
753 928 919 990 c1v1tetum
930 927 1002 989 eret
1039 924 1224 1004 emendata,
1240 929 1310 989 erat
1322 943 1399 1007 ergo
1413 943 1520 990 munus

863 1143 891 1226 5.
915 1145 965 1210 5.

297 1281 328 1335 3.
345 1281 439 1334 Libri
450 1281 492 1334 n.
505 1282 541 1333 T.
555 1280 762 1332 consentiunt
774 1293 846 1330 oum
858 1279 932 1331 aliis
944 1279 1008 1331 fide
1020 1279 1127 1342 dignis
1138 1280 1354 1334 relationibus
1366 1279 1408 1331 de
1419 1280 1523 1331 indole

691 1367 725 1416 et
735 1363 898 1423 adiunctis
915 1377 1136 1427 personarum.

385 1517 508 1594 Quodsi
521 1519 657 1604 inteqros
668 1518 803 1602 popedon
818 1531 846 1581 et
856 1519 1014 1602 mayenne
1028 1519 1190 1582 5555155555
1201 1518 1322 1582 incolas
1333 1524 1525 1600 spectemus:

384 1603 417 1685 5)
433 1601 512 1687 Spes
531 1605 614 1689 repe'o
628 1605 742 1689 neoni
759 1603 844 1668 inter
857 1602 879 1667 J
880 1604 1001 1669 udaeos
1015 1604 1188 1684 prodituri,
1212 1603 1255 1669 ad
1269 1605 1415 1670 nationes
1431 1605 1526 1669 etiam

299 1691 426 1752 exteras
442 1692 475 1753 et
488 1687 582 1770 longe
597 1688 728 1752 dissitas
742 1693 923 1770 propagata
938 1689 1129 1770 supponitur
1144 1690 1202 1754 Mt.
1217 1689 1247 1769 2,
1262 1691 1292 1753 2.
1306 1725 1350 1734 —
1368 1689 1526 1770 idipsum

298 1770 464 1837 confirmat
486 1773 658 1838 Suetonius
679 1774 712 1837 in
734 1773 868 1854 Vespas
892 1773 919 1854 ξ.
941 1774 971 1838 4.
992 1774 1116 1839 dicens:
1144 1773 1391 1855 „Percrebuerat
1413 1776 1527 1838 555555

297 1871 359 1921 toto
373 1871 460 1922 55155
480 1871 508 1922 et
526 1873 673 1923 constans
687 1860 795 1976 551555
799 1906 810 1939 ,
833 1882 897 1922 ecoe
911 1861 946 1922 e‘n
952 1858 1056 1942 fotr'o,
1070 1873 1106 1923 nt
1121 1881 1153 1922 eo
1169 1873 1303 1945 tempore
1317 1859 1446 1924 Jndoeo
1456 1882 1528 1944 pro-

288 1942 380 2026 fecti
389 1966 496 2006 rernm
532 1946 693 2008 oterentnr.
760 1942 805 2008 of.
822 1944 921 2008 Tacit.
936 1944 1010 2008 hist.
1026 1943 1079 2008 lib.
1095 1945 1125 2009 5.
1147 1963 1214 2009 nro.
1232 1944 1281 2009 13.

293 2057 296 2064 ·
382 2028 418 2110 5)
441 1967 562 2092 Ιαιζαν·
580 2029 613 2093 15
627 2028 666 2094 N.
682 2030 717 2093 T.
740 2033 1025 2110 repraesentantur
1047 2029 1190 2094 moribus
1213 2029 1463 2110 corruptissimi,
1487 2030 1529 2094 ad

297 2113 472 2178 seditiones
487 2119 598 2178 contra
613 2115 774 2178 Romanos
789 2114 980 2194 pronissimi,
994 2118 1027 2178 et
1040 2115 1074 2178 in
1089 2116 1196 2195 specie
1211 2115 1253 2179 ad
1268 2115 1387 2180 diversi
1402 2115 1529 2196 generis

293 2197 477 2278 juramenta
497 2199 672 2263 emittenda
695 2217 733 2263 55
755 2199 903 2264 violanda
924 2199 1100 2280 praeclives
1119 2198 1191 2278 (Mt.
1207 2201 1237 2279 5,
1253 2199 1414 2281 anf-36.)
1458 2199 1529 2263 Pri-

296 2299 385 2344 mum
409 2282 505 2346 etiam
528 2287 669 2347 testatur
695 2282 857 2364 Josephus
876 2284 922 2348 Fl.
942 2285 1068 2365 integro
1098 2303 1196 2365 opere
1218 2285 1259 2350 de
1281 2284 1365 2349 bello
1388 2284 1529 2366 Judaico,

297 2365 435 2430 altemm
454 2386 517 2430 non
536 2368 632 2432 modo
647 2367 882 2450 Talmudistae,
909 2369 967 2434 sed
989 2370 1086 2434 etiam
1110 2369 1268 2434 Martialis
1292 2370 1391 2451 epigr.
1406 2368 1460 2433 lib.
1479 2371 1529 2434 11.

298 2451 398 2532 epigr.
412 2451 465 2514 47.
481 2452 606 2517 dicensi
624 2452 728 2535 „Eece
741 2476 838 2540 55955
844 2456 1006 2538 jnroeqae
1019 2455 1101 2518 melei
1108 2478 1169 2539 per
1183 2455 1299 2540 templa
1314 2457 1452 2519 tonantio
1458 2479 1472 2537 ,·
1487 2490 1531 2500 —

295 2557 359 2598 555
374 2536 482 2619 credo,·
488 2538 581 2620 jara,
596 2561 699 2622 verpe,
711 2561 771 2623 per
784 2539 1009 2603 Anche'aiono.“

384 2621 415 2703 5)
437 2621 583 2686 Ethnieeh
603 2622 636 2687 in
658 2625 777 2689 orando
798 2624 833 2688 id
851 2623 951 2690 fuisse
969 2623 1054 2702 vitii,
1081 2624 1168 2705 quod
1189 2625 1247 2689 Mt.
1269 2624 1299 2705 6,
1321 2625 1349 2706 7.
1380 2623 1531 2689 Christus

296 2705 419 2786 arguit,
434 2706 539 2773 elucet
554 2727 572 2772 e
586 2708 728 2773 Terentii
743 2711 862 2774 55555.
879 2711 909 2790 6,
924 2709 964 2790 6.,
979 2708 1035 2774 ubi
1051 2709 1184 2774 dicitur:
1208 2709 1316 2790 „Ohel
1327 2710 1402 2793 jorn
1422 2709 1531 2772 555555

296 2811 378 2852 uror
393 2789 466 2854 deos
476 2791 668 2878 protelando
683 2794 856 2858 obtundere.
891 2794 974 2859 Ilios
988 2807 1038 2857 155
1054 2817 1092 2856 555
1106 2797 1231 2881 5595555
1238 2793 1384 2877 judicos,
1398 2807 1434 2857 ne
1445 2794 1533 2857 nehd

297 2874 408 2938 credor
423 2876 607 2962 entelle'pere,
626 2880 696 2942 nisi
705 2878 789 2941 idem
805 2879 920 2942 dremne
935 2879 1135 2942 5115551155(ί
1176 2880 1284 2944 Mores
1300 2898 1410 2944 corum
1425 2880 1530 2960 pessi·

295 2978 365 3024 mos
381 2966 414 3024 'et
429 2962 558 3042 quidem
572 2962 654 3027 tales
669 2963 777 3043 trisse,
793 2964 905 3045 quales
919 2965 952 3029 in
966 2963 1005 3027 N.
1017 2964 1063 3043 T.,
1078 2965 1251 3045 praecipue
1265 2965 1297 3028 in
1313 2982 1362 3045 ep.
1377 2965 1420 3028 55
1434 2965 1529 3029 Rom.

298 3046 326 3124 1,
341 3044 473 3109 18—32.
490 3047 723 3128 describuntur,
738 3068 831 3113 nemo
842 3068 904 3113 non
917 3050 1077 3128 concedet,
1094 3050 1149 3130 qui
1159 3054 1329 3131 poetarum
1339 3067 1531 3130 graecorum

297 3131 330 3192 et
351 3128 524 3194 latinorum
540 3133 661 3210 scripta
676 3134 815 3213 satyrica
835 3133 951 3214 legerit
964 3134 1222 3215 memineritque,
1244 3134 1367 3198 nullum
1391 3135 1532 3200 existere

295 3211 468 3294 flagitium,
496 3216 582 3295 quod
603 3215 644 3279 55
671 3216 778 3298 aliquo
802 3219 935 3284 deorum
962 3237 1092 3283 suorum
1118 3238 1181 3284 non
1205 3219 1417 3285 credidissent
1443 3237 1530 3285 com-

210 3359 217 3368 .
295 3298 437 3362 missum.

380 3383 416 3465 5)
431 3382 633 3448 Athenienses
648 3385 719 3450 Act.
737 3386 787 3465 17,
801 3386 851 3450 21.
864 3387 913 3450 22.
930 3387 1089 3452 sistuntur
1102 3407 1210 3453 rerum
1224 3407 1379 3454 novarum
1394 3389 1530 3455 audien-

297 3466 411 3531 darum
427 3469 534 3549 cupidi
550 3473 583 3533 et
598 3471 822 3550 superstitiose
837 3471 986 3552 religiosi.
1020 3472 1186 3539 Consentit
1196 3474 1416 3538 Demosthenes
1430 3473 1528 3554 (orat.

296 3549 376 3614 Phil.
391 3551 416 3615 I.
433 3559 512 3618 orat.
527 3553 588 3635 4.),
613 3559 644 3618 et
658 3555 691 3619 in
705 3555 852 3619 Platonis
867 3556 1003 3638 dialogis
1020 3557 1280 3639 frequentissima
1298 3563 1349 3624 est
1364 3559 1530 3640 quaestio:

296 3632 330 3699 τί
354 3636 552 3724 scertamen,-
580 3639 763 3704 Pannonica
787 3660 863 3707 vero
889 3640 938 3722 (in
960 3643 1057 3708 Attic.
1077 3643 1102 3706 I.
1123 3643 1192 3725 24.)
1219 3644 1313 3709 dicit:
1335 3639 1530 3730 Ἀθηναίοις

297 3720 526 3810 περισσότερον
548 3749 580 3790 τι
600 3723 622 3812 ἢ
642 3731 714 3804 τοῖς
734 3723 843 3806 ἄλλοις
865 3726 900 3806 ἐς
918 3727 959 3794 τὰ
974 3733 1055 3795 θεῖα
1076 3727 1146 3809 eoae
1160 3731 1317 3817 σπουδῆς.
1360 3729 1530 3793 Petronius

368 3905 377 3934 ¹
395 3900 478 3955 Plura
494 3904 575 3971 hujus
594 3908 700 3973 generis
719 3908 890 3962 inveniuntur
907 3911 935 3963 in
946 3909 972 3964 J.
987 3911 1020 3963 D.
1032 3909 1174 3964 Michaelis
1186 3911 1282 3966 introd.
1295 3913 1323 3966 in
1333 3913 1367 3967 N.
1381 3913 1412 3965 T.
1424 3916 1495 3978 part.
1507 3910 1528 3964 Ι.

296 3985 322 4036 p.
336 3968 447 4024 49-73.
461 3977 489 4023 et
499 3971 527 4023 in
539 3972 621 4041 Hugii
632 3975 775 4030 introduct.
811 3985 861 4030 art.
874 3978 895 4030 I.
919 3978 1024 4046 Hugius
1036 3984 1127 4031 15555
1144 3981 1243 4034 erravit
1258 3981 1350 4045 modo,
1371 3996 1423 4049 quo
1438 3980 1527 4033 locum

296 4038 359 4092 Act.
372 4037 396 4100 8,
408 4036 450 4092 26.
464 4043 566 4106 tuetur,
587 4056 650 4094 nam
662 4059 679 4095 5
689 4043 765 4098 Luca
822 4061 881 4099 eam
892 4046 991 4114 respici
1008 4052 1101 4100 censet
1113 4046 1202 4102 Gazae
1233 4064 1263 4102 er
1274 4049 1392 4102 Judaeos
1404 4048 1526 4102 5555515-

296 4105 397 4159 tionem
415 4105 487 4159 circa
504 4121 604 4162 annum
622 4110 663 4164 65.
681 4127 736 4166 aer.
755 4113 839 4181 vulg„
862 4114 939 4181 cujus
956 4115 1056 4167 mentio
1072 4113 1104 4168 fit
1119 4129 1136 4167 5
1151 4115 1207 4168 Jos.
1244 4115 1261 4170 l.
1279 4117 1313 4170 de
1324 4117 1355 4170 B.
1366 4118 1387 4196 j.
1400 4116 1425 4181 2,
1443 4117 1485 4179 18,
1502 4116 1525 4167 1.

294 4173 424 4226 Attamen
436 4189 526 4236 uoces:
540 4173 609 4244 αὕτη
623 4179 702 4257 ἐστὶν
713 4180 816 4252 ἕρημος
827 4198 880 4235 555
892 4187 955 4235 sunt
966 4182 1057 4236 Lucae
1068 4184 1212 4249 narrantis,
1225 4184 1273 4237 sed
1284 4201 1319 4238 an
1339 4185 1374 4238 el1
1385 4181 1527 4245 monentis,

294 4256 381 4320 neque
393 4249 493 4308 puncto
505 4258 521 4296 5
533 4245 754 4310 praecedentibus
767 4249 932 4317 separandae
945 4256 1008 4303 sunt
1025 4255 1053 4303 et
1070 4251 1105 4303 ad
1124 4253 1163 4313 εὶς
1180 4249 1269 4314 Γάζαν
1284 4202 1456 4318 reiierendee3
1478 4248 1525 4304 sed

294 4315 383 4388 ponus
404 4309 439 4362 ad
458 4310 602 4364 formidem
623 4315 782 4381 respiciunt:
804 4323 843 4379 εἰς
859 4317 930 4372 ὁδὸν
948 4317 1000 4385 τὴν
1015 4324 1237 4388 καταβαίνουσαν
1253 4320 1311 4376 ἀπὸ
1330 4317 1509 4392 Ἰερουσαλήμ
1515 4338 1525 4380 ;

294 4380 393 4456 etenim
405 4393 454 4431 cur
465 4378 555 4433 Lucas
568 4379 746 4448 Theophilum
763 4400 842 4438 suum
859 4386 892 4439 55
909 4386 983 4440 urbis
996 4386 1084 4440 Gazae
1102 4393 1176 4443 statu
1192 4387 1326 4443 instruere
1343 4385 1524 4443 necessarium

295 4442 428 4510 duxrsset,
448 4462 501 4499 non
512 4447 593 4502 facile
604 4448 776 4519 intelligitur3
797 4458 840 4506 est
851 4453 940 4522 angeli
951 4471 1004 4507 non
1016 4460 1122 4522 poterat
1132 4469 1186 4508 555
1197 4457 1307 4510 maximi
1319 4457 1449 4510 interesse
1462 4452 1524 4507 Phi-

294 4509 540 4633 iifficfflmius
561 4515 702 4585 designare
723 4519 807 4585 dem,
828 4537 882 4589 que
901 4522 1049 4590 15555551,
1070 4529 1102 4577 ut
1117 4523 1248 4579 05555515
1268 4525 1377 4594 reginae
1392 4522 1524 4578 inveniret
