<?xml version="1.0" encoding="UTF-8"?>
<!DOCTYPE html PUBLIC "-//W3C//DTD XHTML 1.0 Transitional//EN"
    "http://www.w3.org/TR/xhtml1/DTD/xhtml1-transitional.dtd">
<html xmlns="http://www.w3.org/1999/xhtml" xml:lang="en" lang="en">
 <head>
  <title>
</title>
<meta http-equiv="Content-Type" content="text/html;charset=utf-8" />
  <meta name='ocr-system' content='tesseract 3.04.00' />
  <meta name='ocr-capabilities' content='ocr_page ocr_carea ocr_par ocr_line ocrx_word'/>
</head>
<body>
  <div class='ocr_page' id='page_1' title='image "./introductioinsa00gngoog_0095.png"; bbox 0 0 3314 5166; ppageno 0'>
   <div class='ocr_carea' id='block_1_1' title="bbox 782 285 1046 349">
    <p class='ocr_par' dir='ltr' id='par_1_1' title="bbox 782 285 1046 349">
     <span class='ocr_line' id='line_1_1' title="bbox 782 285 1046 349; baseline 0 -19"><span class='ocrx_word' id='word_1_1' title='bbox 782 285 1046 349; x_wconf 58' lang='grc'>,80-</span> 
     </span>
    </p>
   </div>
   <div class='ocr_carea' id='block_1_2' title="bbox 253 455 1534 2587">
    <p class='ocr_par' dir='ltr' id='par_1_2' title="bbox 253 455 1534 2587">
     <span class='ocr_line' id='line_1_2' title="bbox 298 455 1532 538; baseline 0 -18"><span class='ocrx_word' id='word_1_2' title='bbox 298 462 471 538; x_wconf 89' lang='lat' dir='ltr'>susceptus</span> <span class='ocrx_word' id='word_1_3' title='bbox 489 463 546 537; x_wconf 95' lang='grc' dir='ltr'>θεῖ,</span> <span class='ocrx_word' id='word_1_4' title='bbox 562 457 625 522; x_wconf 94' lang='lat' dir='ltr'>imo</span> <span class='ocrx_word' id='word_1_5' title='bbox 641 457 878 522; x_wconf 85' lang='lat' dir='ltr'>vehementiora</span> <span class='ocrx_word' id='word_1_6' title='bbox 893 457 1052 538; x_wconf 90' lang='lat' dir='ltr'>vituperia</span> <span class='ocrx_word' id='word_1_7' title='bbox 1066 461 1225 536; x_wconf 91' lang='lat' dir='ltr'>expertus,</span> <span class='ocrx_word' id='word_1_8' title='bbox 1241 473 1336 536; x_wconf 90' lang='lat' dir='ltr'>qnam</span> <span class='ocrx_word' id='word_1_9' title='bbox 1351 455 1532 520; x_wconf 78' lang='lat' dir='ltr'><strong>emendatio</strong></span> 
     </span>
     <span class='ocr_line' id='line_1_3' title="bbox 297 541 1530 622; baseline -0.001 -17"><span class='ocrx_word' id='word_1_10' title='bbox 297 543 334 605; x_wconf 89' lang='lat' dir='ltr'>V.</span> <span class='ocrx_word' id='word_1_11' title='bbox 355 543 389 606; x_wconf 90' lang='lat' dir='ltr'>T.</span> <span class='ocrx_word' id='word_1_12' title='bbox 408 562 426 607; x_wconf 92' lang='lat' dir='ltr'>e</span> <span class='ocrx_word' id='word_1_13' title='bbox 441 550 532 608; x_wconf 90' lang='lat' dir='ltr'>textu</span> <span class='ocrx_word' id='word_1_14' title='bbox 547 542 726 607; x_wconf 84' lang='lat' dir='ltr'>hebraico.¹</span> <span class='ocrx_word' id='word_1_15' title='bbox 757 541 881 606; x_wconf 84' lang='lat' dir='ltr'>Causae</span> <span class='ocrx_word' id='word_1_16' title='bbox 897 543 979 607; x_wconf 90' lang='lat' dir='ltr'>sitae</span> <span class='ocrx_word' id='word_1_17' title='bbox 995 547 1087 606; x_wconf 92' lang='lat' dir='ltr'>erant</span> <span class='ocrx_word' id='word_1_18' title='bbox 1101 543 1133 605; x_wconf 93' lang='lat' dir='ltr'>in</span> <span class='ocrx_word' id='word_1_19' title='bbox 1150 541 1271 622; x_wconf 82' lang='lat' dir='ltr'>exiguis</span> <span class='ocrx_word' id='word_1_20' title='bbox 1294 541 1530 621; x_wconf 92' lang='lat' dir='ltr'>progressibus,</span> 
     </span>
     <span class='ocr_line' id='line_1_4' title="bbox 300 626 1532 708; baseline -0.002 -17"><span class='ocrx_word' id='word_1_21' title='bbox 300 646 381 708; x_wconf 93' lang='lat' dir='ltr'>quos</span> <span class='ocrx_word' id='word_1_22' title='bbox 397 628 503 692; x_wconf 92' lang='lat' dir='ltr'>Latini</span> <span class='ocrx_word' id='word_1_23' title='bbox 519 647 611 692; x_wconf 88' lang='lat' dir='ltr'>secus</span> <span class='ocrx_word' id='word_1_24' title='bbox 634 646 671 692; x_wconf 93' lang='lat' dir='ltr'>ac</span> <span class='ocrx_word' id='word_1_25' title='bbox 687 626 801 692; x_wconf 89' lang='lat' dir='ltr'>Graeci</span> <span class='ocrx_word' id='word_1_26' title='bbox 823 629 855 691; x_wconf 91' lang='lat' dir='ltr'>in</span> <span class='ocrx_word' id='word_1_27' title='bbox 876 628 982 692; x_wconf 91' lang='lat' dir='ltr'>studio</span> <span class='ocrx_word' id='word_1_28' title='bbox 1002 628 1119 692; x_wconf 88' lang='lat' dir='ltr'>biblico</span> <span class='ocrx_word' id='word_1_29' title='bbox 1142 634 1174 691; x_wconf 90' lang='lat' dir='ltr'>et</span> <span class='ocrx_word' id='word_1_30' title='bbox 1193 627 1326 708; x_wconf 84' lang='lat' dir='ltr'>proinde</span> <span class='ocrx_word' id='word_1_31' title='bbox 1345 627 1378 690; x_wconf 95' lang='lat' dir='ltr'>in</span> <span class='ocrx_word' id='word_1_32' title='bbox 1398 644 1532 690; x_wconf 89' lang='lat' dir='ltr'>accura-</span> 
     </span>
     <span class='ocr_line' id='line_1_5' title="bbox 297 709 1532 794; baseline -0.002 -18"><span class='ocrx_word' id='word_1_33' title='bbox 297 713 380 777; x_wconf 83' lang='lat' dir='ltr'>tiore</span> <span class='ocrx_word' id='word_1_34' title='bbox 401 731 425 777; x_wconf 91' lang='grc' dir='ltr'>ε.</span> <span class='ocrx_word' id='word_1_35' title='bbox 447 713 626 794; x_wconf 85' lang='lat' dir='ltr'>scripturae</span> <span class='ocrx_word' id='word_1_36' title='bbox 647 713 828 794; x_wconf 81' lang='lat' dir='ltr'>cognitione</span> <span class='ocrx_word' id='word_1_37' title='bbox 849 709 1003 791; x_wconf 80' lang='lat' dir='ltr'>fecerant3</span> <span class='ocrx_word' id='word_1_38' title='bbox 1030 714 1062 777; x_wconf 93' lang='lat' dir='ltr'>in</span> <span class='ocrx_word' id='word_1_39' title='bbox 1083 712 1258 777; x_wconf 84' lang='lat' dir='ltr'>tenacitate</span> <span class='ocrx_word' id='word_1_40' title='bbox 1280 711 1532 789; x_wconf 72' lang='lat' dir='ltr'>consuetudinis</span> 
     </span>
     <span class='ocr_line' id='line_1_6' title="bbox 298 797 1533 880; baseline -0.001 -19"><span class='ocrx_word' id='word_1_41' title='bbox 298 817 362 879; x_wconf 85' lang='lat' dir='ltr'>qua</span> <span class='ocrx_word' id='word_1_42' title='bbox 382 799 517 880; x_wconf 91' lang='lat' dir='ltr'>quisque</span> <span class='ocrx_word' id='word_1_43' title='bbox 538 798 639 863; x_wconf 92' lang='lat' dir='ltr'>textui</span> <span class='ocrx_word' id='word_1_44' title='bbox 660 817 680 862; x_wconf 90' lang='lat' dir='ltr'>a</span> <span class='ocrx_word' id='word_1_45' title='bbox 701 817 736 862; x_wconf 92' lang='grc' dir='ltr'>εθ</span> <span class='ocrx_word' id='word_1_46' title='bbox 756 799 922 878; x_wconf 91' lang='lat' dir='ltr'>hucusque</span> <span class='ocrx_word' id='word_1_47' title='bbox 943 799 1086 863; x_wconf 91' lang='lat' dir='ltr'>adhibito</span> <span class='ocrx_word' id='word_1_48' title='bbox 1114 798 1324 876; x_wconf 89' lang='lat' dir='ltr'>adhaerebat;</span> <span class='ocrx_word' id='word_1_49' title='bbox 1350 797 1383 860; x_wconf 94' lang='lat' dir='ltr'>in</span> <span class='ocrx_word' id='word_1_50' title='bbox 1409 798 1533 861; x_wconf 89' lang='lat' dir='ltr'>discre-</span> 
     </span>
     <span class='ocr_line' id='line_1_7' title="bbox 297 882 1533 964; baseline -0.002 -16"><span class='ocrx_word' id='word_1_51' title='bbox 297 884 408 964; x_wconf 90' lang='lat' dir='ltr'>pantia</span> <span class='ocrx_word' id='word_1_52' title='bbox 435 885 587 949; x_wconf 85' lang='lat' dir='ltr'>versionis</span> <span class='ocrx_word' id='word_1_53' title='bbox 615 884 803 949; x_wconf 87' lang='lat' dir='ltr'>emendatae</span> <span class='ocrx_word' id='word_1_54' title='bbox 833 902 905 947; x_wconf 94' lang='lat' dir='ltr'>cum</span> <span class='ocrx_word' id='word_1_55' title='bbox 935 883 1166 949; x_wconf 93' lang='lat' dir='ltr'>recentioribus</span> <span class='ocrx_word' id='word_1_56' title='bbox 1197 883 1359 947; x_wconf 84' lang='lat' dir='ltr'>codicibus</span> <span class='ocrx_word' id='word_1_57' title='bbox 1388 882 1533 964; x_wconf 88' lang='lat' dir='ltr'>graecis;</span> 
     </span>
     <span class='ocr_line' id='line_1_8' title="bbox 298 968 1533 1050; baseline -0.002 -17"><span class='ocrx_word' id='word_1_58' title='bbox 298 969 435 1049; x_wconf 91' lang='lat' dir='ltr'>denique</span> <span class='ocrx_word' id='word_1_59' title='bbox 446 970 479 1034; x_wconf 93' lang='lat' dir='ltr'>in</span> <span class='ocrx_word' id='word_1_60' title='bbox 490 969 617 1049; x_wconf 91' lang='lat' dir='ltr'>invidia,</span> <span class='ocrx_word' id='word_1_61' title='bbox 634 987 698 1050; x_wconf 90' lang='lat' dir='ltr'>qua</span> <span class='ocrx_word' id='word_1_62' title='bbox 709 969 897 1032; x_wconf 90' lang='lat' dir='ltr'>Latinorum</span> <span class='ocrx_word' id='word_1_63' title='bbox 908 968 1000 1033; x_wconf 90' lang='lat' dir='ltr'>multi</span> <span class='ocrx_word' id='word_1_64' title='bbox 1012 969 1044 1032; x_wconf 93' lang='lat' dir='ltr'>in</span> <span class='ocrx_word' id='word_1_65' title='bbox 1056 974 1229 1049; x_wconf 87' lang='lat' dir='ltr'>auctorem,</span> <span class='ocrx_word' id='word_1_66' title='bbox 1246 987 1392 1032; x_wconf 89' lang='lat' dir='ltr'>severum</span> <span class='ocrx_word' id='word_1_67' title='bbox 1404 987 1533 1032; x_wconf 91' lang='lat' dir='ltr'>morum</span> 
     </span>
     <span class='ocr_line' id='line_1_9' title="bbox 300 1051 1532 1135; baseline -0.003 -17"><span class='ocrx_word' id='word_1_68' title='bbox 300 1073 475 1135; x_wconf 84' lang='lat' dir='ltr'>censorem,</span> <span class='ocrx_word' id='word_1_69' title='bbox 497 1053 691 1120; x_wconf 90' lang='lat' dir='ltr'>ferebantur.</span> <span class='ocrx_word' id='word_1_70' title='bbox 736 1054 909 1119; x_wconf 90' lang='lat' dir='ltr'>Praeterea</span> <span class='ocrx_word' id='word_1_71' title='bbox 924 1054 1084 1118; x_wconf 86' lang='lat' dir='ltr'>Damasus</span> <span class='ocrx_word' id='word_1_72' title='bbox 1105 1051 1246 1135; x_wconf 85' lang='lat' dir='ltr'>pontifex</span> <span class='ocrx_word' id='word_1_73' title='bbox 1267 1073 1348 1117; x_wconf 91' lang='lat' dir='ltr'>anno</span> <span class='ocrx_word' id='word_1_74' title='bbox 1363 1054 1430 1134; x_wconf 79' lang='lat' dir='ltr'>Jam</span> <span class='ocrx_word' id='word_1_75' title='bbox 1445 1053 1532 1132; x_wconf 81' lang='lat'>384,</span> 
     </span>
     <span class='ocr_line' id='line_1_10' title="bbox 300 1137 1533 1221; baseline -0.002 -17"><span class='ocrx_word' id='word_1_76' title='bbox 300 1159 375 1221; x_wconf 90' lang='lat' dir='ltr'>ergo</span> <span class='ocrx_word' id='word_1_77' title='bbox 390 1141 479 1220; x_wconf 88' lang='lat' dir='ltr'>prius</span> <span class='ocrx_word' id='word_1_78' title='bbox 494 1145 640 1205; x_wconf 86' lang='lat' dir='ltr'>mortuus</span> <span class='ocrx_word' id='word_1_79' title='bbox 657 1145 735 1219; x_wconf 89' lang='lat' dir='ltr'>erat,</span> <span class='ocrx_word' id='word_1_80' title='bbox 752 1159 848 1220; x_wconf 89' lang='lat' dir='ltr'>qnam</span> <span class='ocrx_word' id='word_1_81' title='bbox 864 1139 1044 1204; x_wconf 88' lang='lat' dir='ltr'>emendatio</span> <span class='ocrx_word' id='word_1_82' title='bbox 1060 1159 1084 1204; x_wconf 94' lang='lat' dir='ltr'>s.</span> <span class='ocrx_word' id='word_1_83' title='bbox 1100 1139 1286 1220; x_wconf 90' lang='lat' dir='ltr'>Hieronymi</span> <span class='ocrx_word' id='word_1_84' title='bbox 1302 1139 1413 1202; x_wconf 92' lang='lat' dir='ltr'>usibus</span> <span class='ocrx_word' id='word_1_85' title='bbox 1429 1137 1533 1202; x_wconf 90' lang='lat' dir='ltr'>eccle-</span> 
     </span>
     <span class='ocr_line' id='line_1_11' title="bbox 299 1224 1534 1307; baseline -0.002 -17"><span class='ocrx_word' id='word_1_86' title='bbox 299 1225 437 1290; x_wconf 85' lang='lat' dir='ltr'>siasticis</span> <span class='ocrx_word' id='word_1_87' title='bbox 449 1225 662 1291; x_wconf 90' lang='lat' dir='ltr'>commendari</span> <span class='ocrx_word' id='word_1_88' title='bbox 674 1231 797 1307; x_wconf 90' lang='lat' dir='ltr'>posset;</span> <span class='ocrx_word' id='word_1_89' title='bbox 812 1226 885 1289; x_wconf 91' lang='lat' dir='ltr'>hinc</span> <span class='ocrx_word' id='word_1_90' title='bbox 898 1225 1042 1305; x_wconf 90' lang='lat' dir='ltr'>quamvis</span> <span class='ocrx_word' id='word_1_91' title='bbox 1054 1224 1203 1303; x_wconf 93' lang='lat' dir='ltr'>nonnulli,</span> <span class='ocrx_word' id='word_1_92' title='bbox 1220 1231 1255 1287; x_wconf 92' lang='lat' dir='ltr'>ut</span> <span class='ocrx_word' id='word_1_93' title='bbox 1268 1243 1292 1288; x_wconf 91' lang='lat' dir='ltr'>s.</span> <span class='ocrx_word' id='word_1_94' title='bbox 1304 1224 1534 1304; x_wconf 55' lang='lat' dir='ltr'>Augustinus?</span> 
     </span>
     <span class='ocr_line' id='line_1_12' title="bbox 300 1309 1533 1392; baseline -0.003 -16"><span class='ocrx_word' id='word_1_95' title='bbox 300 1311 369 1391; x_wconf 89' lang='lat' dir='ltr'>ejus</span> <span class='ocrx_word' id='word_1_96' title='bbox 384 1312 523 1391; x_wconf 92' lang='lat' dir='ltr'>pretium</span> <span class='ocrx_word' id='word_1_97' title='bbox 539 1318 763 1392; x_wconf 84' lang='lat' dir='ltr'>agnoscerent,</span> <span class='ocrx_word' id='word_1_98' title='bbox 786 1318 893 1375; x_wconf 89' lang='lat' dir='ltr'>tamen</span> <span class='ocrx_word' id='word_1_99' title='bbox 907 1329 966 1390; x_wconf 89' lang='lat' dir='ltr'>per</span> <span class='ocrx_word' id='word_1_100' title='bbox 981 1309 1106 1392; x_wconf 92' lang='lat' dir='ltr'>longius</span> <span class='ocrx_word' id='word_1_101' title='bbox 1121 1316 1249 1391; x_wconf 90' lang='lat' dir='ltr'>tempus</span> <span class='ocrx_word' id='word_1_102' title='bbox 1265 1327 1343 1374; x_wconf 90' lang='lat' dir='ltr'>usus</span> <span class='ocrx_word' id='word_1_103' title='bbox 1365 1310 1533 1374; x_wconf 83' lang='lat' dir='ltr'>universa-</span> 
     </span>
     <span class='ocr_line' id='line_1_13' title="bbox 299 1395 1533 1478; baseline -0.002 -18"><span class='ocrx_word' id='word_1_104' title='bbox 299 1397 339 1460; x_wconf 92' lang='lat' dir='ltr'>lis</span> <span class='ocrx_word' id='word_1_105' title='bbox 361 1396 389 1460; x_wconf 93' lang='lat' dir='ltr'>ei</span> <span class='ocrx_word' id='word_1_106' title='bbox 411 1397 638 1478; x_wconf 88' lang='lat' dir='ltr'>denegabatur.</span> <span class='ocrx_word' id='word_1_107' title='bbox 683 1396 843 1461; x_wconf 88' lang='lat' dir='ltr'>Paulatim</span> <span class='ocrx_word' id='word_1_108' title='bbox 863 1415 938 1460; x_wconf 86' lang='lat' dir='ltr'>vero</span> <span class='ocrx_word' id='word_1_109' title='bbox 960 1403 1069 1460; x_wconf 90' lang='lat' dir='ltr'>aestus</span> <span class='ocrx_word' id='word_1_110' title='bbox 1091 1395 1344 1475; x_wconf 86' lang='lat' dir='ltr'>defervescebat,</span> <span class='ocrx_word' id='word_1_111' title='bbox 1367 1402 1400 1459; x_wconf 90' lang='lat' dir='ltr'>et</span> <span class='ocrx_word' id='word_1_112' title='bbox 1422 1395 1533 1458; x_wconf 91' lang='lat' dir='ltr'>sobrio</span> 
     </span>
     <span class='ocr_line' id='line_1_14' title="bbox 297 1481 1532 1566; baseline -0.001 -22"><span class='ocrx_word' id='word_1_113' title='bbox 297 1482 418 1562; x_wconf 88' lang='lat' dir='ltr'>jndicio</span> <span class='ocrx_word' id='word_1_114' title='bbox 439 1488 537 1562; x_wconf 88' lang='lat' dir='ltr'>atque</span> <span class='ocrx_word' id='word_1_115' title='bbox 558 1501 621 1546; x_wconf 93' lang='lat' dir='ltr'>una</span> <span class='ocrx_word' id='word_1_116' title='bbox 642 1501 713 1546; x_wconf 93' lang='lat' dir='ltr'>cum</span> <span class='ocrx_word' id='word_1_117' title='bbox 736 1501 772 1566; x_wconf 89' lang='lat' dir='ltr'>eo</span> <span class='ocrx_word' id='word_1_118' title='bbox 790 1481 928 1546; x_wconf 86' lang='lat' dir='ltr'>versioni</span> <span class='ocrx_word' id='word_1_119' title='bbox 950 1482 1024 1546; x_wconf 92' lang='lat' dir='ltr'>huic</span> <span class='ocrx_word' id='word_1_120' title='bbox 1040 1483 1227 1546; x_wconf 87' lang='lat' dir='ltr'>emendatae</span> <span class='ocrx_word' id='word_1_121' title='bbox 1242 1490 1372 1561; x_wconf 89' lang='lat' dir='ltr'>praeter</span> <span class='ocrx_word' id='word_1_122' title='bbox 1386 1487 1532 1544; x_wconf 87' lang='lat' dir='ltr'>veterem</span> 
     </span>
     <span class='ocr_line' id='line_1_15' title="bbox 302 1564 1533 1648; baseline 0 -19"><span class='ocrx_word' id='word_1_123' title='bbox 302 1566 390 1631; x_wconf 87' lang='lat' dir='ltr'>locus</span> <span class='ocrx_word' id='word_1_124' title='bbox 405 1564 509 1630; x_wconf 86' lang='lat' dir='ltr'>factus</span> <span class='ocrx_word' id='word_1_125' title='bbox 525 1574 575 1632; x_wconf 92' lang='lat' dir='ltr'>est</span> <span class='ocrx_word' id='word_1_126' title='bbox 589 1568 649 1647; x_wconf 91' lang='lat' dir='ltr'>ita,</span> <span class='ocrx_word' id='word_1_127' title='bbox 666 1573 702 1631; x_wconf 93' lang='lat' dir='ltr'>ut</span> <span class='ocrx_word' id='word_1_128' title='bbox 717 1586 798 1632; x_wconf 89' lang='lat' dir='ltr'>saec.</span> <span class='ocrx_word' id='word_1_129' title='bbox 815 1567 868 1630; x_wconf 90' lang='lat' dir='ltr'>VI.</span> <span class='ocrx_word' id='word_1_130' title='bbox 884 1567 1005 1632; x_wconf 89' lang='lat' dir='ltr'>Romae</span> <span class='ocrx_word' id='word_1_131' title='bbox 1021 1567 1135 1631; x_wconf 90' lang='lat' dir='ltr'>saltem</span> <span class='ocrx_word' id='word_1_132' title='bbox 1149 1567 1219 1648; x_wconf 92' lang='lat' dir='ltr'>pari</span> <span class='ocrx_word' id='word_1_133' title='bbox 1235 1585 1306 1631; x_wconf 92' lang='lat' dir='ltr'>cum</span> <span class='ocrx_word' id='word_1_134' title='bbox 1321 1566 1381 1630; x_wconf 86' lang='lat' dir='ltr'>hac</span> <span class='ocrx_word' id='word_1_135' title='bbox 1396 1585 1533 1630; x_wconf 90' lang='lat' dir='ltr'>venera-</span> 
     </span>
     <span class='ocr_line' id='line_1_16' title="bbox 303 1649 1533 1739; baseline -0.002 -23"><span class='ocrx_word' id='word_1_136' title='bbox 303 1653 389 1716; x_wconf 88' lang='lat' dir='ltr'>tione</span> <span class='ocrx_word' id='word_1_137' title='bbox 408 1649 583 1732; x_wconf 90' lang='lat' dir='ltr'>frueretur;</span> <span class='ocrx_word' id='word_1_138' title='bbox 607 1653 776 1737; x_wconf 77' lang='lat' dir='ltr'>Greporz&#39;ns</span> <span class='ocrx_word' id='word_1_139' title='bbox 792 1652 836 1716; x_wconf 86' lang='lat' dir='ltr'>M.</span> <span class='ocrx_word' id='word_1_140' title='bbox 853 1653 985 1718; x_wconf 89' lang='lat' dir='ltr'>eandem</span> <span class='ocrx_word' id='word_1_141' title='bbox 999 1653 1032 1716; x_wconf 93' lang='lat' dir='ltr'>in</span> <span class='ocrx_word' id='word_1_142' title='bbox 1048 1652 1274 1717; x_wconf 89' lang='lat' dir='ltr'>commentario</span> <span class='ocrx_word' id='word_1_143' title='bbox 1290 1670 1348 1739; x_wconf 81' lang='lat' dir='ltr'>suo</span> <span class='ocrx_word' id='word_1_144' title='bbox 1362 1652 1395 1715; x_wconf 93' lang='lat' dir='ltr'>in</span> <span class='ocrx_word' id='word_1_145' title='bbox 1410 1651 1533 1715; x_wconf 86' lang='lat' dir='ltr'>Jobum</span> 
     </span>
     <span class='ocr_line' id='line_1_17' title="bbox 302 1736 1534 1819; baseline 0 -19"><span class='ocrx_word' id='word_1_146' title='bbox 302 1736 484 1818; x_wconf 85' lang='lat' dir='ltr'>adhibuit,³</span> <span class='ocrx_word' id='word_1_147' title='bbox 504 1743 536 1802; x_wconf 91' lang='lat' dir='ltr'>et</span> <span class='ocrx_word' id='word_1_148' title='bbox 551 1739 744 1803; x_wconf 87' lang='lat' dir='ltr'>auctoritate</span> <span class='ocrx_word' id='word_1_149' title='bbox 758 1738 854 1818; x_wconf 92' lang='lat' dir='ltr'>hujus</span> <span class='ocrx_word' id='word_1_150' title='bbox 868 1736 1026 1819; x_wconf 86' lang='lat' dir='ltr'>pontificis</span> <span class='ocrx_word' id='word_1_151' title='bbox 1040 1736 1160 1803; x_wconf 90' lang='lat' dir='ltr'>facturn</span> <span class='ocrx_word' id='word_1_152' title='bbox 1176 1743 1239 1817; x_wconf 90' lang='lat' dir='ltr'>est,</span> <span class='ocrx_word' id='word_1_153' title='bbox 1256 1743 1291 1801; x_wconf 94' lang='lat' dir='ltr'>ut</span> <span class='ocrx_word' id='word_1_154' title='bbox 1306 1737 1411 1801; x_wconf 90' lang='lat' dir='ltr'>versio</span> <span class='ocrx_word' id='word_1_155' title='bbox 1426 1737 1534 1802; x_wconf 91' lang='lat' dir='ltr'>hiero-</span> 
     </span>
     <span class='ocr_line' id='line_1_18' title="bbox 253 1823 1533 1905; baseline 0 -20"><span class='ocrx_word' id='word_1_156' title='bbox 253 1865 255 1873; x_wconf 50' lang='lat'>«</span> <span class='ocrx_word' id='word_1_157' title='bbox 302 1823 449 1903; x_wconf 91' lang='lat' dir='ltr'>nymiana</span> <span class='ocrx_word' id='word_1_158' title='bbox 470 1824 588 1888; x_wconf 91' lang='lat' dir='ltr'>sensim</span> <span class='ocrx_word' id='word_1_159' title='bbox 607 1825 726 1905; x_wconf 90' lang='lat' dir='ltr'>ubique</span> <span class='ocrx_word' id='word_1_160' title='bbox 746 1823 813 1888; x_wconf 90' lang='lat' dir='ltr'>fere</span> <span class='ocrx_word' id='word_1_161' title='bbox 834 1823 1031 1904; x_wconf 90' lang='lat' dir='ltr'>reciperetur</span> <span class='ocrx_word' id='word_1_162' title='bbox 1054 1830 1086 1889; x_wconf 96' lang='lat' dir='ltr'>et</span> <span class='ocrx_word' id='word_1_163' title='bbox 1106 1825 1208 1904; x_wconf 92' lang='lat' dir='ltr'>primo</span> <span class='ocrx_word' id='word_1_164' title='bbox 1234 1823 1303 1887; x_wconf 94' lang='lat' dir='ltr'>loco</span> <span class='ocrx_word' id='word_1_165' title='bbox 1328 1825 1533 1903; x_wconf 76' lang='lat' dir='ltr'>poneretur.⁴</span> 
     </span>
     <span class='ocr_line' id='line_1_19' title="bbox 303 1908 1533 1990; baseline 0 -19"><span class='ocrx_word' id='word_1_166' title='bbox 303 1908 367 1972; x_wconf 90' lang='lat' dir='ltr'>Par</span> <span class='ocrx_word' id='word_1_167' title='bbox 381 1917 489 1973; x_wconf 88' lang='lat' dir='ltr'>autem</span> <span class='ocrx_word' id='word_1_168' title='bbox 504 1928 582 1974; x_wconf 91' lang='lat' dir='ltr'>usus</span> <span class='ocrx_word' id='word_1_169' title='bbox 597 1909 765 1990; x_wconf 90' lang='lat' dir='ltr'>utriusque</span> <span class='ocrx_word' id='word_1_170' title='bbox 785 1910 894 1974; x_wconf 90' lang='lat' dir='ltr'>nocuit</span> <span class='ocrx_word' id='word_1_171' title='bbox 914 1909 1058 1989; x_wconf 89' lang='lat' dir='ltr'>utrique;</span> <span class='ocrx_word' id='word_1_172' title='bbox 1079 1928 1152 1972; x_wconf 92' lang='lat' dir='ltr'>nam</span> <span class='ocrx_word' id='word_1_173' title='bbox 1173 1927 1255 1973; x_wconf 89' lang='lat' dir='ltr'>nova</span> <span class='ocrx_word' id='word_1_174' title='bbox 1271 1909 1364 1989; x_wconf 86' lang='lat' dir='ltr'>juxta</span> <span class='ocrx_word' id='word_1_175' title='bbox 1387 1914 1533 1972; x_wconf 85' lang='lat' dir='ltr'>veterem</span> 
     </span>
     <span class='ocr_line' id='line_1_20' title="bbox 303 1993 1533 2075; baseline -0.002 -17"><span class='ocrx_word' id='word_1_176' title='bbox 303 1999 336 2058; x_wconf 93' lang='lat' dir='ltr'>et</span> <span class='ocrx_word' id='word_1_177' title='bbox 351 1994 419 2058; x_wconf 87' lang='lat' dir='ltr'>vice</span> <span class='ocrx_word' id='word_1_178' title='bbox 434 1995 527 2059; x_wconf 76' lang='lat' dir='ltr'>versa</span> <span class='ocrx_word' id='word_1_179' title='bbox 547 1996 579 2059; x_wconf 94' lang='lat' dir='ltr'>in</span> <span class='ocrx_word' id='word_1_180' title='bbox 600 1996 709 2059; x_wconf 91' lang='lat' dir='ltr'>multis</span> <span class='ocrx_word' id='word_1_181' title='bbox 731 1994 965 2075; x_wconf 86' lang='lat' dir='ltr'>exemplaribus</span> <span class='ocrx_word' id='word_1_182' title='bbox 986 2001 1036 2059; x_wconf 89' lang='lat' dir='ltr'>est</span> <span class='ocrx_word' id='word_1_183' title='bbox 1056 2000 1189 2058; x_wconf 92' lang='lat' dir='ltr'>mutata.</span> <span class='ocrx_word' id='word_1_184' title='bbox 1234 1994 1408 2058; x_wconf 90' lang='lat' dir='ltr'>Praeterea</span> <span class='ocrx_word' id='word_1_185' title='bbox 1429 1993 1533 2075; x_wconf 90' lang='lat' dir='ltr'>negli-</span> 
     </span>
     <span class='ocr_line' id='line_1_21' title="bbox 303 2079 1534 2161; baseline -0.001 -18"><span class='ocrx_word' id='word_1_186' title='bbox 303 2079 411 2161; x_wconf 89' lang='lat' dir='ltr'>gentia</span> <span class='ocrx_word' id='word_1_187' title='bbox 431 2085 488 2143; x_wconf 90' lang='lat' dir='ltr'>aut</span> <span class='ocrx_word' id='word_1_188' title='bbox 507 2079 668 2160; x_wconf 90' lang='lat' dir='ltr'>imperitia</span> <span class='ocrx_word' id='word_1_189' title='bbox 689 2080 891 2144; x_wconf 88' lang='lat' dir='ltr'>librariorum</span> <span class='ocrx_word' id='word_1_190' title='bbox 917 2099 1033 2161; x_wconf 88' lang='lat' dir='ltr'>magna</span> <span class='ocrx_word' id='word_1_191' title='bbox 1060 2099 1203 2144; x_wconf 91' lang='lat' dir='ltr'>errorum</span> <span class='ocrx_word' id='word_1_192' title='bbox 1231 2080 1322 2160; x_wconf 88' lang='lat' dir='ltr'>copia</span> <span class='ocrx_word' id='word_1_193' title='bbox 1348 2079 1453 2143; x_wconf 90' lang='lat' dir='ltr'>denuo</span> <span class='ocrx_word' id='word_1_194' title='bbox 1483 2086 1534 2143; x_wconf 90' lang='lat' dir='ltr'>est</span> 
     </span>
     <span class='ocr_line' id='line_1_22' title="bbox 271 2163 1533 2247; baseline 0 -20"><span class='ocrx_word' id='word_1_195' title='bbox 271 2163 274 2168; x_wconf 86' lang='grc'><strong>’</strong></span> <span class='ocrx_word' id='word_1_196' title='bbox 302 2164 499 2244; x_wconf 89' lang='lat' dir='ltr'>introducta,</span> <span class='ocrx_word' id='word_1_197' title='bbox 516 2166 571 2246; x_wconf 90' lang='lat' dir='ltr'>qui</span> <span class='ocrx_word' id='word_1_198' title='bbox 586 2166 618 2228; x_wconf 93' lang='lat' dir='ltr'>in</span> <span class='ocrx_word' id='word_1_199' title='bbox 634 2165 697 2228; x_wconf 90' lang='lat' dir='ltr'>alia</span> <span class='ocrx_word' id='word_1_200' title='bbox 712 2166 898 2247; x_wconf 89' lang='lat' dir='ltr'>apographa</span> <span class='ocrx_word' id='word_1_201' title='bbox 912 2166 1108 2230; x_wconf 91' lang='lat' dir='ltr'>transierunt</span> <span class='ocrx_word' id='word_1_202' title='bbox 1123 2172 1156 2230; x_wconf 90' lang='lat' dir='ltr'>et</span> <span class='ocrx_word' id='word_1_203' title='bbox 1171 2165 1260 2229; x_wconf 89' lang='lat' dir='ltr'>novis</span> <span class='ocrx_word' id='word_1_204' title='bbox 1276 2174 1350 2228; x_wconf 94' lang='lat' dir='ltr'>sunt</span> <span class='ocrx_word' id='word_1_205' title='bbox 1364 2165 1468 2243; x_wconf 91' lang='lat' dir='ltr'>aucti,</span> <span class='ocrx_word' id='word_1_206' title='bbox 1485 2165 1533 2228; x_wconf 91' lang='lat' dir='ltr'>ita</span> 
     </span>
     <span class='ocr_line' id='line_1_23' title="bbox 304 2249 1531 2330; baseline -0.001 -17"><span class='ocrx_word' id='word_1_207' title='bbox 304 2255 341 2313; x_wconf 93' lang='lat' dir='ltr'>ut</span> <span class='ocrx_word' id='word_1_208' title='bbox 357 2249 483 2314; x_wconf 88' lang='lat' dir='ltr'>saeculo</span> <span class='ocrx_word' id='word_1_209' title='bbox 499 2251 586 2314; x_wconf 89' lang='lat' dir='ltr'>VHI.</span> <span class='ocrx_word' id='word_1_210' title='bbox 603 2250 707 2315; x_wconf 92' lang='lat' dir='ltr'>denuo</span> <span class='ocrx_word' id='word_1_211' title='bbox 723 2251 828 2314; x_wconf 89' lang='lat' dir='ltr'>omnia</span> <span class='ocrx_word' id='word_1_212' title='bbox 844 2257 951 2315; x_wconf 90' lang='lat' dir='ltr'>essent</span> <span class='ocrx_word' id='word_1_213' title='bbox 965 2251 1078 2330; x_wconf 88' lang='lat' dir='ltr'>mixta,</span> <span class='ocrx_word' id='word_1_214' title='bbox 1094 2257 1126 2314; x_wconf 94' lang='lat' dir='ltr'>et</span> <span class='ocrx_word' id='word_1_215' title='bbox 1142 2249 1321 2315; x_wconf 90' lang='lat' dir='ltr'>emendatio</span> <span class='ocrx_word' id='word_1_216' title='bbox 1337 2250 1531 2330; x_wconf 89' lang='lat' dir='ltr'>necessaria,</span> 
     </span>
     <span class='ocr_line' id='line_1_24' title="bbox 305 2334 1533 2432; baseline -0.002 -34"><span class='ocrx_word' id='word_1_217' title='bbox 305 2353 388 2415; x_wconf 83' lang='lat' dir='ltr'>quac</span> <span class='ocrx_word' id='word_1_218' title='bbox 414 2359 434 2397; x_wconf 87' lang='lat' dir='ltr'>u</span> <span class='ocrx_word' id='word_1_219' title='bbox 462 2334 575 2398; x_wconf 78' lang='lat' dir='ltr'>Oorolo</span> <span class='ocrx_word' id='word_1_220' title='bbox 602 2336 717 2421; x_wconf 71' lang='lat' dir='ltr'>Mopso</span> <span class='ocrx_word' id='word_1_221' title='bbox 745 2348 789 2397; x_wconf 82' lang='lat' dir='ltr'>est</span> <span class='ocrx_word' id='word_1_222' title='bbox 806 2347 980 2419; x_wconf 79' lang='lat' dir='ltr'>praecepta</span> <span class='ocrx_word' id='word_1_223' title='bbox 1006 2347 1034 2398; x_wconf 84' lang='lat' dir='ltr'>ct</span> <span class='ocrx_word' id='word_1_224' title='bbox 1053 2359 1112 2432; x_wconf 75' lang='lat' dir='ltr'>per</span> <span class='ocrx_word' id='word_1_225' title='bbox 1138 2336 1309 2398; x_wconf 77' lang='lat' dir='ltr'>Alour&#39;nunt</span> <span class='ocrx_word' id='word_1_226' title='bbox 1331 2337 1533 2418; x_wconf 71' lang='lat' dir='ltr'>potissimam</span> 
     </span>
     <span class='ocr_line' id='line_1_25' title="bbox 305 2417 1532 2503; baseline 0.002 -21"><span class='ocrx_word' id='word_1_227' title='bbox 305 2417 444 2503; x_wconf 76' lang='lat' dir='ltr'>offecto.⁵</span> <span class='ocrx_word' id='word_1_228' title='bbox 486 2421 548 2486; x_wconf 82' lang='lat' dir='ltr'>Ast</span> <span class='ocrx_word' id='word_1_229' title='bbox 566 2421 741 2502; x_wconf 90' lang='lat' dir='ltr'>imperator</span> <span class='ocrx_word' id='word_1_230' title='bbox 760 2420 843 2502; x_wconf 91' lang='lat' dir='ltr'>ipse,</span> <span class='ocrx_word' id='word_1_231' title='bbox 870 2422 911 2485; x_wconf 90' lang='lat' dir='ltr'>de</span> <span class='ocrx_word' id='word_1_232' title='bbox 931 2420 1035 2486; x_wconf 90' lang='lat' dir='ltr'>salute</span> <span class='ocrx_word' id='word_1_233' title='bbox 1053 2421 1179 2501; x_wconf 81' lang='lat' dir='ltr'>imperii</span> <span class='ocrx_word' id='word_1_234' title='bbox 1199 2428 1232 2486; x_wconf 88' lang='lat' dir='ltr'>ot</span> <span class='ocrx_word' id='word_1_235' title='bbox 1257 2420 1409 2486; x_wconf 87' lang='lat' dir='ltr'>ecclesiae</span> <span class='ocrx_word' id='word_1_236' title='bbox 1436 2421 1532 2484; x_wconf 88' lang='lat' dir='ltr'>valde</span> 
     </span>
     <span class='ocr_line' id='line_1_26' title="bbox 305 2504 1533 2587; baseline 0.002 -19"><span class='ocrx_word' id='word_1_237' title='bbox 305 2504 473 2585; x_wconf 90' lang='lat' dir='ltr'>sollicitus,</span> <span class='ocrx_word' id='word_1_238' title='bbox 500 2506 589 2587; x_wconf 90' lang='lat' dir='ltr'>operi</span> <span class='ocrx_word' id='word_1_239' title='bbox 609 2525 737 2572; x_wconf 92' lang='lat' dir='ltr'>manum</span> <span class='ocrx_word' id='word_1_240' title='bbox 757 2507 931 2586; x_wconf 71' lang='lat' dir='ltr'>admovit,6</span> <span class='ocrx_word' id='word_1_241' title='bbox 957 2507 1129 2587; x_wconf 89' lang='lat' dir='ltr'>praecipue</span> <span class='ocrx_word' id='word_1_242' title='bbox 1148 2526 1224 2572; x_wconf 87' lang='lat' dir='ltr'>vero</span> <span class='ocrx_word' id='word_1_243' title='bbox 1250 2505 1444 2570; x_wconf 88' lang='lat' dir='ltr'>auctoritate</span> <span class='ocrx_word' id='word_1_244' title='bbox 1472 2525 1533 2570; x_wconf 89' lang='lat' dir='ltr'>sua</span> 
     </span>
    </p>
   </div>
   <div class='ocr_carea' id='block_1_3' title="bbox 306 2723 1536 3819">
    <p class='ocr_par' dir='ltr' id='par_1_3' title="bbox 306 2723 1536 3068">
     <span class='ocr_line' id='line_1_27' title="bbox 307 2723 1536 2795; baseline 0 -17"><span class='ocrx_word' id='word_1_245' title='bbox 307 2724 423 2778; x_wconf 88' lang='lat' dir='ltr'>moniam</span> <span class='ocrx_word' id='word_1_246' title='bbox 437 2723 617 2795; x_wconf 86' lang='lat' dir='ltr'>evangelicam</span> <span class='ocrx_word' id='word_1_247' title='bbox 629 2725 753 2790; x_wconf 88' lang='lat' dir='ltr'>continet,</span> <span class='ocrx_word' id='word_1_248' title='bbox 776 2732 803 2778; x_wconf 92' lang='lat' dir='ltr'>et</span> <span class='ocrx_word' id='word_1_249' title='bbox 821 2725 848 2778; x_wconf 93' lang='lat' dir='ltr'>in</span> <span class='ocrx_word' id='word_1_250' title='bbox 861 2724 951 2778; x_wconf 90' lang='lat' dir='ltr'>codice</span> <span class='ocrx_word' id='word_1_251' title='bbox 963 2725 1149 2793; x_wconf 88' lang='lat' dir='ltr'>Forojuliensi‚</span> <span class='ocrx_word' id='word_1_252' title='bbox 1171 2741 1187 2778; x_wconf 90' lang='lat' dir='ltr'>a</span> <span class='ocrx_word' id='word_1_253' title='bbox 1198 2725 1338 2778; x_wconf 90' lang='lat' dir='ltr'>Bianchini</span> <span class='ocrx_word' id='word_1_254' title='bbox 1351 2724 1430 2790; x_wconf 90' lang='lat' dir='ltr'>edito,</span> <span class='ocrx_word' id='word_1_255' title='bbox 1452 2726 1536 2794; x_wconf 89' lang='lat' dir='ltr'>cujus</span> 
     </span>
     <span class='ocr_line' id='line_1_28' title="bbox 306 2793 1536 2862; baseline 0 -16"><span class='ocrx_word' id='word_1_256' title='bbox 306 2799 397 2862; x_wconf 87' lang='lat' dir='ltr'>partes</span> <span class='ocrx_word' id='word_1_257' title='bbox 411 2801 474 2847; x_wconf 91' lang='lat' dir='ltr'>sunt</span> <span class='ocrx_word' id='word_1_258' title='bbox 486 2795 570 2848; x_wconf 88' lang='lat' dir='ltr'>codex</span> <span class='ocrx_word' id='word_1_259' title='bbox 581 2794 700 2847; x_wconf 84' lang='lat' dir='ltr'>Venetus</span> <span class='ocrx_word' id='word_1_260' title='bbox 714 2802 740 2847; x_wconf 91' lang='lat' dir='ltr'>et</span> <span class='ocrx_word' id='word_1_261' title='bbox 752 2794 931 2862; x_wconf 82' lang='lat' dir='ltr'>fragmentum</span> <span class='ocrx_word' id='word_1_262' title='bbox 943 2793 1078 2862; x_wconf 89' lang='lat' dir='ltr'>Pragense</span> <span class='ocrx_word' id='word_1_263' title='bbox 1092 2794 1162 2861; x_wconf 92' lang='lat' dir='ltr'>(coll.</span> <span class='ocrx_word' id='word_1_264' title='bbox 1176 2797 1198 2861; x_wconf 66' lang='grc' dir='ltr'>ς.</span> <span class='ocrx_word' id='word_1_265' title='bbox 1213 2795 1252 2857; x_wconf 89' lang='grc'>14,</span> <span class='ocrx_word' id='word_1_266' title='bbox 1265 2795 1309 2862; x_wconf 86' lang='grc'>4.).</span> <span class='ocrx_word' id='word_1_267' title='bbox 1345 2793 1464 2859; x_wconf 84' lang='lat' dir='ltr'>Codices,</span> <span class='ocrx_word' id='word_1_268' title='bbox 1491 2795 1536 2862; x_wconf 92' lang='lat' dir='ltr'>qni</span> 
     </span>
     <span class='ocr_line' id='line_1_29' title="bbox 306 2861 1536 2931; baseline 0 -15"><span class='ocrx_word' id='word_1_269' title='bbox 306 2862 434 2931; x_wconf 87' lang='lat' dir='ltr'>originem</span> <span class='ocrx_word' id='word_1_270' title='bbox 447 2863 544 2917; x_wconf 91' lang='lat' dir='ltr'>debent</span> <span class='ocrx_word' id='word_1_271' title='bbox 556 2863 663 2916; x_wconf 87' lang='lat' dir='ltr'>saeculo</span> <span class='ocrx_word' id='word_1_272' title='bbox 675 2863 833 2916; x_wconf 89' lang='lat' dir='ltr'>VH-XH.:</span> <span class='ocrx_word' id='word_1_273' title='bbox 858 2863 1035 2926; x_wconf 88' lang='lat' dir='ltr'>Fossatensis‚</span> <span class='ocrx_word' id='word_1_274' title='bbox 1052 2863 1222 2930; x_wconf 89' lang='lat' dir='ltr'>Harlejanus,</span> <span class='ocrx_word' id='word_1_275' title='bbox 1239 2861 1468 2929; x_wconf 87' lang='lat' dir='ltr'>Ingolstadiensis,</span> <span class='ocrx_word' id='word_1_276' title='bbox 1483 2863 1536 2916; x_wconf 87' lang='lat' dir='ltr'>Pa-</span> 
     </span>
     <span class='ocr_line' id='line_1_30' title="bbox 306 2929 1535 3000; baseline 0 -16"><span class='ocrx_word' id='word_1_277' title='bbox 306 2931 441 2994; x_wconf 87' lang='lat' dir='ltr'>risiensis,</span> <span class='ocrx_word' id='word_1_278' title='bbox 458 2931 639 3000; x_wconf 76' lang='lat' dir='ltr'>sangallensis</span> <span class='ocrx_word' id='word_1_279' title='bbox 653 2931 817 2999; x_wconf 89' lang='lat' dir='ltr'>(graeco-lat.</span> <span class='ocrx_word' id='word_1_280' title='bbox 831 2934 876 2999; x_wconf 88' lang='lat' dir='ltr'>A),</span> <span class='ocrx_word' id='word_1_281' title='bbox 895 2931 1038 2998; x_wconf 88' lang='lat' dir='ltr'>Augiensis</span> <span class='ocrx_word' id='word_1_282' title='bbox 1052 2931 1217 2999; x_wconf 86' lang='lat' dir='ltr'>(graeco-lat.</span> <span class='ocrx_word' id='word_1_283' title='bbox 1230 2929 1305 2983; x_wconf 93' lang='lat' dir='ltr'>Paul.</span> <span class='ocrx_word' id='word_1_284' title='bbox 1319 2931 1352 2996; x_wconf 84' lang='lat' dir='ltr'>F)</span> <span class='ocrx_word' id='word_1_285' title='bbox 1366 2936 1392 2983; x_wconf 92' lang='lat' dir='ltr'>et</span> <span class='ocrx_word' id='word_1_286' title='bbox 1410 2930 1457 2982; x_wconf 89' lang='lat' dir='ltr'>alii</span> <span class='ocrx_word' id='word_1_287' title='bbox 1470 2947 1535 2984; x_wconf 89' lang='lat' dir='ltr'>con·</span> 
     </span>
     <span class='ocr_line' id='line_1_31' title="bbox 307 3000 780 3068; baseline 0 -16"><span class='ocrx_word' id='word_1_288' title='bbox 307 3000 393 3053; x_wconf 87' lang='lat' dir='ltr'>tinent</span> <span class='ocrx_word' id='word_1_289' title='bbox 405 3007 508 3053; x_wconf 87' lang='lat' dir='ltr'>textum</span> <span class='ocrx_word' id='word_1_290' title='bbox 521 3001 606 3068; x_wconf 90' lang='lat' dir='ltr'>magis</span> <span class='ocrx_word' id='word_1_291' title='bbox 619 3008 780 3068; x_wconf 87' lang='lat' dir='ltr'>corruptum.</span> 
     </span>
    </p>

    <p class='ocr_par' dir='ltr' id='par_1_4' title="bbox 306 3067 1535 3750">
     <span class='ocr_line' id='line_1_32' title="bbox 376 3067 1534 3136; baseline -0.001 -14"><span class='ocrx_word' id='word_1_292' title='bbox 376 3073 385 3104; x_wconf 83' lang='lat'>¹</span> <span class='ocrx_word' id='word_1_293' title='bbox 404 3069 458 3122; x_wconf 85' lang='lat' dir='ltr'>Cfr.</span> <span class='ocrx_word' id='word_1_294' title='bbox 472 3070 530 3136; x_wconf 89' lang='lat' dir='ltr'>ejus</span> <span class='ocrx_word' id='word_1_295' title='bbox 543 3069 620 3136; x_wconf 89' lang='lat' dir='ltr'>epist.</span> <span class='ocrx_word' id='word_1_296' title='bbox 633 3069 667 3121; x_wconf 88' lang='lat' dir='ltr'>ad</span> <span class='ocrx_word' id='word_1_297' title='bbox 679 3069 837 3121; x_wconf 87' lang='lat' dir='ltr'>Marcellam</span> <span class='ocrx_word' id='word_1_298' title='bbox 848 3068 889 3121; x_wconf 79' lang='lat'>25.</span> <span class='ocrx_word' id='word_1_299' title='bbox 904 3071 979 3134; x_wconf 90' lang='lat' dir='ltr'>(tom.</span> <span class='ocrx_word' id='word_1_300' title='bbox 992 3067 1063 3134; x_wconf 85' lang='lat' dir='ltr'>IV.):</span> <span class='ocrx_word' id='word_1_301' title='bbox 1087 3067 1146 3132; x_wconf 87' lang='lat' dir='ltr'>„Ad</span> <span class='ocrx_word' id='word_1_302' title='bbox 1158 3083 1200 3120; x_wconf 90' lang='lat' dir='ltr'>me</span> <span class='ocrx_word' id='word_1_303' title='bbox 1212 3073 1321 3134; x_wconf 89' lang='lat' dir='ltr'>repente</span> <span class='ocrx_word' id='word_1_304' title='bbox 1333 3067 1468 3134; x_wconf 90' lang='lat' dir='ltr'>perlatum</span> <span class='ocrx_word' id='word_1_305' title='bbox 1484 3075 1534 3132; x_wconf 90' lang='lat' dir='ltr'>est,</span> 
     </span>
     <span class='ocr_line' id='line_1_33' title="bbox 307 3135 1534 3205; baseline -0.002 -15"><span class='ocrx_word' id='word_1_306' title='bbox 307 3136 435 3205; x_wconf 87' lang='lat' dir='ltr'>quosdam</span> <span class='ocrx_word' id='word_1_307' title='bbox 447 3136 623 3190; x_wconf 89' lang='lat' dir='ltr'>homunculos</span> <span class='ocrx_word' id='word_1_308' title='bbox 635 3136 700 3188; x_wconf 92' lang='lat' dir='ltr'>mihi</span> <span class='ocrx_word' id='word_1_309' title='bbox 713 3137 830 3190; x_wconf 87' lang='lat' dir='ltr'>studiose</span> <span class='ocrx_word' id='word_1_310' title='bbox 843 3135 991 3198; x_wconf 88' lang='lat' dir='ltr'>detrahere,</span> <span class='ocrx_word' id='word_1_311' title='bbox 1004 3151 1052 3188; x_wconf 90' lang='lat' dir='ltr'>cur</span> <span class='ocrx_word' id='word_1_312' title='bbox 1064 3136 1204 3189; x_wconf 84' lang='lat' dir='ltr'>adversum</span> <span class='ocrx_word' id='word_1_313' title='bbox 1214 3135 1400 3188; x_wconf 89' lang='lat' dir='ltr'>auctoritatem</span> <span class='ocrx_word' id='word_1_314' title='bbox 1409 3141 1534 3188; x_wconf 84' lang='lat' dir='ltr'>veterum</span> 
     </span>
     <span class='ocr_line' id='line_1_34' title="bbox 306 3203 1535 3272; baseline -0.001 -14"><span class='ocrx_word' id='word_1_315' title='bbox 306 3213 334 3258; x_wconf 88' lang='lat' dir='ltr'>et</span> <span class='ocrx_word' id='word_1_316' title='bbox 349 3206 431 3258; x_wconf 88' lang='lat' dir='ltr'>totius</span> <span class='ocrx_word' id='word_1_317' title='bbox 449 3204 541 3257; x_wconf 92' lang='lat' dir='ltr'>mundi</span> <span class='ocrx_word' id='word_1_318' title='bbox 557 3205 706 3272; x_wconf 87' lang='lat' dir='ltr'>opinionem</span> <span class='ocrx_word' id='word_1_319' title='bbox 724 3204 824 3272; x_wconf 88' lang='lat' dir='ltr'>aliquid</span> <span class='ocrx_word' id='word_1_320' title='bbox 841 3205 869 3256; x_wconf 92' lang='lat' dir='ltr'>in</span> <span class='ocrx_word' id='word_1_321' title='bbox 887 3203 1030 3270; x_wconf 86' lang='lat' dir='ltr'>evangeliis</span> <span class='ocrx_word' id='word_1_322' title='bbox 1050 3204 1191 3256; x_wconf 89' lang='lat' dir='ltr'>emendare</span> <span class='ocrx_word' id='word_1_323' title='bbox 1207 3205 1372 3256; x_wconf 84' lang='lat' dir='ltr'>tentaverim.</span> <span class='ocrx_word' id='word_1_324' title='bbox 1396 3203 1468 3270; x_wconf 79' lang='lat' dir='ltr'>Quos</span> <span class='ocrx_word' id='word_1_325' title='bbox 1484 3220 1535 3272; x_wconf 88' lang='lat' dir='ltr'>ego</span> 
     </span>
     <span class='ocr_line' id='line_1_35' title="bbox 308 3271 1533 3341; baseline 0 -15"><span class='ocrx_word' id='word_1_326' title='bbox 308 3289 390 3341; x_wconf 89' lang='lat' dir='ltr'>quum</span> <span class='ocrx_word' id='word_1_327' title='bbox 407 3289 512 3340; x_wconf 90' lang='lat' dir='ltr'>possem</span> <span class='ocrx_word' id='word_1_328' title='bbox 523 3273 584 3340; x_wconf 90' lang='lat' dir='ltr'>jure</span> <span class='ocrx_word' id='word_1_329' title='bbox 596 3287 655 3325; x_wconf 90' lang='lat' dir='ltr'>meo</span> <span class='ocrx_word' id='word_1_330' title='bbox 668 3279 836 3325; x_wconf 87' lang='lat' dir='ltr'>contemnere</span> <span class='ocrx_word' id='word_1_331' title='bbox 849 3271 936 3338; x_wconf 87' lang='lat' dir='ltr'>(asino</span> <span class='ocrx_word' id='word_1_332' title='bbox 948 3272 1045 3339; x_wconf 89' lang='lat' dir='ltr'>quippe</span> <span class='ocrx_word' id='word_1_333' title='bbox 1057 3272 1117 3341; x_wconf 88' lang='lat' dir='ltr'>lyra</span> <span class='ocrx_word' id='word_1_334' title='bbox 1129 3271 1263 3340; x_wconf 90' lang='lat' dir='ltr'>superflue</span> <span class='ocrx_word' id='word_1_335' title='bbox 1276 3272 1371 3337; x_wconf 85' lang='lat' dir='ltr'>canit),</span> <span class='ocrx_word' id='word_1_336' title='bbox 1392 3278 1485 3325; x_wconf 89' lang='lat' dir='ltr'>tamen</span> <span class='ocrx_word' id='word_1_337' title='bbox 1499 3289 1533 3326; x_wconf 88' lang='lat' dir='ltr'>ne</span> 
     </span>
     <span class='ocr_line' id='line_1_36' title="bbox 307 3340 1533 3407; baseline -0.001 -13"><span class='ocrx_word' id='word_1_338' title='bbox 307 3357 367 3407; x_wconf 92' lang='lat' dir='ltr'>nos,</span> <span class='ocrx_word' id='word_1_339' title='bbox 389 3347 419 3394; x_wconf 92' lang='lat' dir='ltr'>ut</span> <span class='ocrx_word' id='word_1_340' title='bbox 430 3341 519 3394; x_wconf 87' lang='lat' dir='ltr'>facere</span> <span class='ocrx_word' id='word_1_341' title='bbox 532 3341 629 3406; x_wconf 87' lang='lat' dir='ltr'>solent,</span> <span class='ocrx_word' id='word_1_342' title='bbox 651 3341 791 3407; x_wconf 88' lang='lat' dir='ltr'>superbiae</span> <span class='ocrx_word' id='word_1_343' title='bbox 809 3347 934 3407; x_wconf 86' lang='lat' dir='ltr'>arguant,</span> <span class='ocrx_word' id='word_1_344' title='bbox 956 3340 993 3392; x_wconf 88' lang='lat' dir='ltr'>ita</span> <span class='ocrx_word' id='word_1_345' title='bbox 1011 3356 1167 3407; x_wconf 89' lang='lat' dir='ltr'>responsum</span> <span class='ocrx_word' id='word_1_346' title='bbox 1184 3341 1312 3394; x_wconf 85' lang='lat' dir='ltr'>habeant:</span> <span class='ocrx_word' id='word_1_347' title='bbox 1334 3356 1386 3393; x_wconf 95' lang='lat' dir='ltr'>non</span> <span class='ocrx_word' id='word_1_348' title='bbox 1403 3341 1470 3393; x_wconf 89' lang='lat' dir='ltr'>adeo</span> <span class='ocrx_word' id='word_1_349' title='bbox 1489 3357 1533 3394; x_wconf 90' lang='lat' dir='ltr'>me</span> 
     </span>
     <span class='ocr_line' id='line_1_37' title="bbox 307 3408 1533 3476; baseline 0 -14"><span class='ocrx_word' id='word_1_350' title='bbox 307 3410 410 3464; x_wconf 90' lang='lat' dir='ltr'>hebetis</span> <span class='ocrx_word' id='word_1_351' title='bbox 422 3408 505 3462; x_wconf 88' lang='lat' dir='ltr'>fuisse</span> <span class='ocrx_word' id='word_1_352' title='bbox 518 3409 605 3462; x_wconf 84' lang='lat' dir='ltr'>cordis</span> <span class='ocrx_word' id='word_1_353' title='bbox 617 3415 645 3461; x_wconf 89' lang='lat' dir='ltr'>et</span> <span class='ocrx_word' id='word_1_354' title='bbox 657 3423 763 3461; x_wconf 88' lang='lat' dir='ltr'>crassae</span> <span class='ocrx_word' id='word_1_355' title='bbox 776 3408 945 3472; x_wconf 88' lang='lat' dir='ltr'>rusticitatis,</span> <span class='ocrx_word' id='word_1_356' title='bbox 965 3416 994 3460; x_wconf 90' lang='lat' dir='ltr'>ut</span> <span class='ocrx_word' id='word_1_357' title='bbox 1006 3408 1105 3476; x_wconf 91' lang='lat' dir='ltr'>aliquid</span> <span class='ocrx_word' id='word_1_358' title='bbox 1118 3409 1151 3462; x_wconf 92' lang='lat' dir='ltr'>de</span> <span class='ocrx_word' id='word_1_359' title='bbox 1163 3410 1301 3462; x_wconf 90' lang='lat' dir='ltr'>dominicis</span> <span class='ocrx_word' id='word_1_360' title='bbox 1313 3409 1400 3462; x_wconf 89' lang='lat' dir='ltr'>verbis</span> <span class='ocrx_word' id='word_1_361' title='bbox 1413 3415 1459 3461; x_wconf 89' lang='lat' dir='ltr'>aut</span> <span class='ocrx_word' id='word_1_362' title='bbox 1471 3425 1533 3462; x_wconf 94' lang='lat' dir='ltr'>cor·</span> 
     </span>
     <span class='ocr_line' id='line_1_38' title="bbox 307 3476 1532 3546; baseline -0.001 -16"><span class='ocrx_word' id='word_1_363' title='bbox 307 3477 446 3546; x_wconf 89' lang='lat' dir='ltr'>rigendum</span> <span class='ocrx_word' id='word_1_364' title='bbox 458 3478 615 3545; x_wconf 90' lang='lat' dir='ltr'>putaverim,</span> <span class='ocrx_word' id='word_1_365' title='bbox 628 3483 675 3530; x_wconf 90' lang='lat' dir='ltr'>aut</span> <span class='ocrx_word' id='word_1_366' title='bbox 687 3493 738 3530; x_wconf 92' lang='lat' dir='ltr'>non</span> <span class='ocrx_word' id='word_1_367' title='bbox 750 3476 875 3530; x_wconf 84' lang='lat' dir='ltr'>divinitus</span> <span class='ocrx_word' id='word_1_368' title='bbox 887 3477 1059 3544; x_wconf 72' lang='lat' dir='ltr'>inspiratum,</span> <span class='ocrx_word' id='word_1_369' title='bbox 1081 3478 1127 3530; x_wconf 92' lang='lat' dir='ltr'>sed</span> <span class='ocrx_word' id='word_1_370' title='bbox 1142 3477 1284 3530; x_wconf 91' lang='lat' dir='ltr'>latinorum</span> <span class='ocrx_word' id='word_1_371' title='bbox 1297 3478 1417 3530; x_wconf 90' lang='lat' dir='ltr'>codicum</span> <span class='ocrx_word' id='word_1_372' title='bbox 1428 3477 1532 3530; x_wconf 85' lang='lat' dir='ltr'>vitiosi·</span> 
     </span>
     <span class='ocr_line' id='line_1_39' title="bbox 306 3544 1534 3613; baseline 0.002 -15"><span class='ocrx_word' id='word_1_373' title='bbox 306 3553 396 3611; x_wconf 90' lang='lat' dir='ltr'>tatem,</span> <span class='ocrx_word' id='word_1_374' title='bbox 409 3561 476 3613; x_wconf 87' lang='lat' dir='ltr'>quae</span> <span class='ocrx_word' id='word_1_375' title='bbox 489 3562 503 3599; x_wconf 94' lang='grc' dir='ltr'>θ</span> <span class='ocrx_word' id='word_1_376' title='bbox 516 3546 669 3600; x_wconf 88' lang='lat' dir='ltr'>diversitate</span> <span class='ocrx_word' id='word_1_377' title='bbox 681 3545 808 3598; x_wconf 92' lang='lat' dir='ltr'>librorum</span> <span class='ocrx_word' id='word_1_378' title='bbox 820 3545 936 3598; x_wconf 91' lang='lat' dir='ltr'>omnium</span> <span class='ocrx_word' id='word_1_379' title='bbox 948 3547 1083 3612; x_wconf 86' lang='lat' dir='ltr'>probatur,</span> <span class='ocrx_word' id='word_1_380' title='bbox 1096 3545 1130 3598; x_wconf 88' lang='lat' dir='ltr'>ad</span> <span class='ocrx_word' id='word_1_381' title='bbox 1139 3561 1263 3613; x_wconf 91' lang='lat' dir='ltr'>graecam</span> <span class='ocrx_word' id='word_1_382' title='bbox 1274 3546 1312 3597; x_wconf 92' lang='lat' dir='ltr'>ori</span> <span class='ocrx_word' id='word_1_383' title='bbox 1331 3546 1410 3610; x_wconf 88' lang='lat' dir='ltr'>inem,</span> <span class='ocrx_word' id='word_1_384' title='bbox 1422 3544 1534 3600; x_wconf 89' lang='lat' dir='ltr'>undeet</span> 
     </span>
     <span class='ocr_line' id='line_1_40' title="bbox 307 3563 1532 3682; baseline 0.001 -16"><span class='ocrx_word' id='word_1_385' title='bbox 307 3615 358 3681; x_wconf 91' lang='lat' dir='ltr'>ipsi</span> <span class='ocrx_word' id='word_1_386' title='bbox 371 3630 415 3668; x_wconf 89' lang='lat' dir='ltr'>eos</span> <span class='ocrx_word' id='word_1_387' title='bbox 427 3614 572 3668; x_wconf 86' lang='lat' dir='ltr'>translatos</span> <span class='ocrx_word' id='word_1_388' title='bbox 584 3629 644 3668; x_wconf 90' lang='lat' dir='ltr'>esse</span> <span class='ocrx_word' id='word_1_389' title='bbox 656 3629 708 3666; x_wconf 94' lang='lat' dir='ltr'>non</span> <span class='ocrx_word' id='word_1_390' title='bbox 720 3613 859 3682; x_wconf 88' lang='lat' dir='ltr'>denegant,</span> <span class='ocrx_word' id='word_1_391' title='bbox 877 3613 991 3667; x_wconf 85' lang='lat' dir='ltr'>voluisse</span> <span class='ocrx_word' id='word_1_392' title='bbox 1004 3629 1136 3666; x_wconf 86' lang='lat' dir='ltr'>revocare.</span> <span class='ocrx_word' id='word_1_393' title='bbox 1161 3613 1263 3680; x_wconf 79' lang='lat' dir='ltr'>Quibus</span> <span class='ocrx_word' id='word_1_394' title='bbox 1276 3615 1298 3666; x_wconf 91' lang='lat' dir='ltr'>si</span> <span class='ocrx_word' id='word_1_395' title='bbox 1311 3563 1435 3681; x_wconf 47' lang='lat' dir='ltr'>displicet</span> <span class='ocrx_word' id='word_1_396' title='bbox 1446 3613 1532 3667; x_wconf 88' lang='lat' dir='ltr'>fontis</span> 
     </span>
     <span class='ocr_line' id='line_1_41' title="bbox 308 3682 906 3750; baseline 0 -16"><span class='ocrx_word' id='word_1_397' title='bbox 308 3683 379 3734; x_wconf 89' lang='lat' dir='ltr'>unda</span> <span class='ocrx_word' id='word_1_398' title='bbox 390 3683 534 3750; x_wconf 89' lang='lat' dir='ltr'>purissimi,</span> <span class='ocrx_word' id='word_1_399' title='bbox 547 3698 673 3736; x_wconf 92' lang='lat' dir='ltr'>coenosos</span> <span class='ocrx_word' id='word_1_400' title='bbox 685 3682 785 3736; x_wconf 89' lang='lat' dir='ltr'>rivulos</span> <span class='ocrx_word' id='word_1_401' title='bbox 797 3683 906 3735; x_wconf 90' lang='lat' dir='ltr'>libent.“</span> 
     </span>
    </p>

    <p class='ocr_par' dir='ltr' id='par_1_5' title="bbox 377 3749 933 3819">
     <span class='ocr_line' id='line_1_42' title="bbox 377 3749 933 3819; baseline -0.002 -16"><span class='ocrx_word' id='word_1_402' title='bbox 377 3755 387 3786; x_wconf 80' lang='lat'><strong>²</strong></span> <span class='ocrx_word' id='word_1_403' title='bbox 405 3750 459 3804; x_wconf 85' lang='lat' dir='ltr'>Ofr.</span> <span class='ocrx_word' id='word_1_404' title='bbox 473 3752 549 3818; x_wconf 89' lang='lat' dir='ltr'>epist.</span> <span class='ocrx_word' id='word_1_405' title='bbox 563 3751 603 3803; x_wconf 78' lang='lat'>72.</span> <span class='ocrx_word' id='word_1_406' title='bbox 616 3767 638 3804; x_wconf 89' lang='lat' dir='ltr'>c.</span> <span class='ocrx_word' id='word_1_407' title='bbox 651 3751 675 3803; x_wconf 83' lang='lat'>4.</span> <span class='ocrx_word' id='word_1_408' title='bbox 689 3749 723 3803; x_wconf 93' lang='lat' dir='ltr'>ad</span> <span class='ocrx_word' id='word_1_409' title='bbox 735 3751 933 3819; x_wconf 91' lang='lat' dir='ltr'>Hieronymum.</span> 
     </span>
    </p>
   </div>
   <div class='ocr_carea' id='block_1_4' title="bbox 181 3816 1532 3887">
    <p class='ocr_par' dir='ltr' id='par_1_6' title="bbox 181 3816 1532 3887">
     <span class='ocr_line' id='line_1_43' title="bbox 181 3816 1532 3887; baseline 0.001 -16"><span class='ocrx_word' id='word_1_410' title='bbox 181 3816 183 3820; x_wconf 83' lang='grc'><strong>’</strong></span> <span class='ocrx_word' id='word_1_411' title='bbox 272 3865 273 3868; x_wconf 69' lang='grc'>,</span> <span class='ocrx_word' id='word_1_412' title='bbox 316 3834 321 3844; x_wconf 87' lang='grc'><strong><em>·</em></strong></span> <span class='ocrx_word' id='word_1_413' title='bbox 377 3819 548 3887; x_wconf 79' lang='lat' dir='ltr'>³Gregorius</span> <span class='ocrx_word' id='word_1_414' title='bbox 560 3819 597 3872; x_wconf 90' lang='lat' dir='ltr'>M.</span> <span class='ocrx_word' id='word_1_415' title='bbox 610 3820 637 3871; x_wconf 94' lang='lat' dir='ltr'>in</span> <span class='ocrx_word' id='word_1_416' title='bbox 650 3819 726 3886; x_wconf 89' lang='lat' dir='ltr'>epist.</span> <span class='ocrx_word' id='word_1_417' title='bbox 740 3819 774 3872; x_wconf 90' lang='lat' dir='ltr'>ad</span> <span class='ocrx_word' id='word_1_418' title='bbox 786 3818 939 3872; x_wconf 86' lang='lat' dir='ltr'>Leandrum</span> <span class='ocrx_word' id='word_1_419' title='bbox 952 3819 1027 3871; x_wconf 86' lang='lat' dir='ltr'>dicit:</span> <span class='ocrx_word' id='word_1_420' title='bbox 1052 3818 1168 3883; x_wconf 88' lang='lat' dir='ltr'>„Novam</span> <span class='ocrx_word' id='word_1_421' title='bbox 1182 3834 1243 3872; x_wconf 90' lang='lat' dir='ltr'>vero</span> <span class='ocrx_word' id='word_1_422' title='bbox 1261 3818 1463 3872; x_wconf 88' lang='lat' dir='ltr'>translationem</span> <span class='ocrx_word' id='word_1_423' title='bbox 1475 3818 1532 3873; x_wconf 90' lang='lat' dir='ltr'>dis·</span> 
     </span>
    </p>
   </div>
   <div class='ocr_carea' id='block_1_5' title="bbox 309 3887 1532 4573">
    <p class='ocr_par' dir='ltr' id='par_1_7' title="bbox 309 3887 1532 4092">
     <span class='ocr_line' id='line_1_44' title="bbox 310 3887 1532 3956; baseline 0.001 -16"><span class='ocrx_word' id='word_1_424' title='bbox 310 3901 383 3955; x_wconf 90' lang='lat' dir='ltr'>sero;</span> <span class='ocrx_word' id='word_1_425' title='bbox 407 3887 453 3940; x_wconf 92' lang='lat' dir='ltr'>sed</span> <span class='ocrx_word' id='word_1_426' title='bbox 466 3904 525 3941; x_wconf 91' lang='lat' dir='ltr'>cum</span> <span class='ocrx_word' id='word_1_427' title='bbox 538 3887 700 3956; x_wconf 85' lang='lat' dir='ltr'>probationis</span> <span class='ocrx_word' id='word_1_428' title='bbox 713 3903 795 3941; x_wconf 91' lang='lat' dir='ltr'>causa</span> <span class='ocrx_word' id='word_1_429' title='bbox 807 3887 896 3954; x_wconf 88' lang='lat' dir='ltr'>exigit,</span> <span class='ocrx_word' id='word_1_430' title='bbox 918 3903 988 3939; x_wconf 89' lang='lat' dir='ltr'>nunc</span> <span class='ocrx_word' id='word_1_431' title='bbox 1000 3901 1095 3939; x_wconf 90' lang='lat' dir='ltr'>novam</span> <span class='ocrx_word' id='word_1_432' title='bbox 1107 3903 1177 3940; x_wconf 93' lang='lat' dir='ltr'>nunc</span> <span class='ocrx_word' id='word_1_433' title='bbox 1189 3895 1306 3942; x_wconf 81' lang='lat' dir='ltr'>veterem</span> <span class='ocrx_word' id='word_1_434' title='bbox 1318 3903 1367 3955; x_wconf 91' lang='lat' dir='ltr'>per</span> <span class='ocrx_word' id='word_1_435' title='bbox 1377 3888 1532 3941; x_wconf 86' lang='lat' dir='ltr'>testimonis</span> 
     </span>
     <span class='ocr_line' id='line_1_45' title="bbox 309 3955 1532 4024; baseline 0.001 -16"><span class='ocrx_word' id='word_1_436' title='bbox 309 3971 428 4021; x_wconf 87' lang='lat' dir='ltr'>assumo,</span> <span class='ocrx_word' id='word_1_437' title='bbox 449 3962 492 4021; x_wconf 89' lang='lat' dir='ltr'>ut,</span> <span class='ocrx_word' id='word_1_438' title='bbox 514 3957 575 4024; x_wconf 87' lang='lat' dir='ltr'>quia</span> <span class='ocrx_word' id='word_1_439' title='bbox 592 3955 669 4009; x_wconf 90' lang='lat' dir='ltr'>sedes</span> <span class='ocrx_word' id='word_1_440' title='bbox 681 3957 838 4023; x_wconf 91' lang='lat' dir='ltr'>apostolica,</span> <span class='ocrx_word' id='word_1_441' title='bbox 860 3957 902 4010; x_wconf 90' lang='lat' dir='ltr'>cui</span> <span class='ocrx_word' id='word_1_442' title='bbox 916 3957 972 4008; x_wconf 90' lang='lat' dir='ltr'>Deo</span> <span class='ocrx_word' id='word_1_443' title='bbox 984 3961 1091 4008; x_wconf 90' lang='lat' dir='ltr'>auctore</span> <span class='ocrx_word' id='word_1_444' title='bbox 1103 3955 1254 4022; x_wconf 87' lang='lat' dir='ltr'>praesideo,</span> <span class='ocrx_word' id='word_1_445' title='bbox 1275 3957 1327 4008; x_wconf 93' lang='lat' dir='ltr'>mei</span> <span class='ocrx_word' id='word_1_446' title='bbox 1339 3972 1441 4024; x_wconf 87' lang='lat' dir='ltr'>quoque</span> <span class='ocrx_word' id='word_1_447' title='bbox 1455 3957 1532 4010; x_wconf 92' lang='lat' dir='ltr'>labor</span> 
     </span>
     <span class='ocr_line' id='line_1_46' title="bbox 309 4023 724 4092; baseline -0.002 -14"><span class='ocrx_word' id='word_1_448' title='bbox 309 4025 391 4078; x_wconf 90' lang='lat' dir='ltr'>studii</span> <span class='ocrx_word' id='word_1_449' title='bbox 402 4041 436 4078; x_wconf 89' lang='lat' dir='ltr'>ex</span> <span class='ocrx_word' id='word_1_450' title='bbox 447 4031 559 4092; x_wconf 84' lang='lat' dir='ltr'>utraque</span> <span class='ocrx_word' id='word_1_451' title='bbox 572 4023 724 4077; x_wconf 87' lang='lat' dir='ltr'>fulciatur.“</span> 
     </span>
    </p>

    <p class='ocr_par' dir='ltr' id='par_1_8' title="bbox 310 4091 1532 4216">
     <span class='ocr_line' id='line_1_47' title="bbox 377 4091 1532 4162; baseline -0.001 -15"><span class='ocrx_word' id='word_1_452' title='bbox 377 4098 389 4128; x_wconf 84' lang='lat'><strong>⁴</strong></span> <span class='ocrx_word' id='word_1_453' title='bbox 406 4094 524 4148; x_wconf 83' lang='lat' dir='ltr'>Isidorus</span> <span class='ocrx_word' id='word_1_454' title='bbox 536 4092 705 4160; x_wconf 88' lang='lat' dir='ltr'>Hispalensis</span> <span class='ocrx_word' id='word_1_455' title='bbox 718 4094 744 4162; x_wconf 73' lang='lat' dir='ltr'>(t</span> <span class='ocrx_word' id='word_1_456' title='bbox 756 4093 828 4162; x_wconf 88' lang='lat'>636.)</span> <span class='ocrx_word' id='word_1_457' title='bbox 841 4091 873 4145; x_wconf 90' lang='lat' dir='ltr'>de</span> <span class='ocrx_word' id='word_1_458' title='bbox 886 4092 954 4146; x_wconf 84' lang='lat' dir='ltr'>offic.</span> <span class='ocrx_word' id='word_1_459' title='bbox 968 4092 1032 4145; x_wconf 90' lang='lat' dir='ltr'>eccl.</span> <span class='ocrx_word' id='word_1_460' title='bbox 1045 4093 1065 4145; x_wconf 94' lang='grc' dir='ltr'>Ι,</span> <span class='ocrx_word' id='word_1_461' title='bbox 1081 4093 1132 4145; x_wconf 76' lang='lat' dir='ltr'>la:</span> <span class='ocrx_word' id='word_1_462' title='bbox 1155 4093 1229 4158; x_wconf 88' lang='lat' dir='ltr'>„Hac</span> <span class='ocrx_word' id='word_1_463' title='bbox 1242 4091 1357 4145; x_wconf 89' lang='lat' dir='ltr'>editione</span> <span class='ocrx_word' id='word_1_464' title='bbox 1369 4093 1532 4160; x_wconf 87' lang='lat' dir='ltr'>generaliter</span> 
     </span>
     <span class='ocr_line' id='line_1_48' title="bbox 310 4162 692 4216; baseline -0.005 -1"><span class='ocrx_word' id='word_1_465' title='bbox 310 4177 401 4216; x_wconf 89' lang='lat' dir='ltr'>onmes</span> <span class='ocrx_word' id='word_1_466' title='bbox 414 4162 542 4216; x_wconf 86' lang='lat' dir='ltr'>ecclesiae</span> <span class='ocrx_word' id='word_1_467' title='bbox 556 4166 692 4214; x_wconf 88' lang='lat' dir='ltr'>utuntur.“</span> 
     </span>
    </p>

    <p class='ocr_par' dir='ltr' id='par_1_9' title="bbox 310 4228 1531 4489">
     <span class='ocr_line' id='line_1_49' title="bbox 378 4228 1530 4285; baseline -0.002 -1"><span class='ocrx_word' id='word_1_468' title='bbox 378 4235 388 4266; x_wconf 78' lang='lat'><strong>⁵</strong></span> <span class='ocrx_word' id='word_1_469' title='bbox 406 4231 447 4284; x_wconf 89' lang='lat' dir='ltr'>De</span> <span class='ocrx_word' id='word_1_470' title='bbox 463 4230 531 4285; x_wconf 92' lang='lat' dir='ltr'>libro</span> <span class='ocrx_word' id='word_1_471' title='bbox 549 4235 624 4283; x_wconf 85' lang='lat' dir='ltr'>sexto</span> <span class='ocrx_word' id='word_1_472' title='bbox 642 4230 889 4283; x_wconf 84' lang='lat' dir='ltr'>commentariorum</span> <span class='ocrx_word' id='word_1_473' title='bbox 907 4243 1014 4282; x_wconf 90' lang='lat' dir='ltr'>suorum</span> <span class='ocrx_word' id='word_1_474' title='bbox 1032 4229 1059 4281; x_wconf 92' lang='lat' dir='ltr'>in</span> <span class='ocrx_word' id='word_1_475' title='bbox 1070 4228 1202 4282; x_wconf 77' lang='lat' dir='ltr'>loannem</span> <span class='ocrx_word' id='word_1_476' title='bbox 1219 4229 1253 4281; x_wconf 90' lang='lat' dir='ltr'>ad</span> <span class='ocrx_word' id='word_1_477' title='bbox 1266 4228 1367 4282; x_wconf 70' lang='lat' dir='ltr'>(lislam</span> <span class='ocrx_word' id='word_1_478' title='bbox 1384 4235 1411 4282; x_wconf 90' lang='lat' dir='ltr'>et</span> <span class='ocrx_word' id='word_1_479' title='bbox 1424 4229 1530 4282; x_wconf 83' lang='lat' dir='ltr'>Colum-</span> 
     </span>
     <span class='ocr_line' id='line_1_50' title="bbox 312 4296 1531 4364; baseline -0.001 -12"><span class='ocrx_word' id='word_1_480' title='bbox 312 4297 373 4352; x_wconf 89' lang='lat' dir='ltr'>bam</span> <span class='ocrx_word' id='word_1_481' title='bbox 384 4299 515 4353; x_wconf 89' lang='lat' dir='ltr'>Alcuinus</span> <span class='ocrx_word' id='word_1_482' title='bbox 533 4299 608 4352; x_wconf 88' lang='lat' dir='ltr'>dicit:</span> <span class='ocrx_word' id='word_1_483' title='bbox 634 4298 744 4362; x_wconf 85' lang='lat' dir='ltr'>„Totius</span> <span class='ocrx_word' id='word_1_484' title='bbox 760 4298 851 4351; x_wconf 87' lang='lat' dir='ltr'>forsan</span> <span class='ocrx_word' id='word_1_485' title='bbox 863 4297 994 4364; x_wconf 85' lang='lat' dir='ltr'>evangelii</span> <span class='ocrx_word' id='word_1_486' title='bbox 1005 4297 1194 4364; x_wconf 83' lang='lat' dir='ltr'>expositionem</span> <span class='ocrx_word' id='word_1_487' title='bbox 1208 4296 1365 4350; x_wconf 84' lang='lat' dir='ltr'>direxissem</span> <span class='ocrx_word' id='word_1_488' title='bbox 1377 4297 1459 4362; x_wconf 85' lang='lat' dir='ltr'>vobis,</span> <span class='ocrx_word' id='word_1_489' title='bbox 1480 4299 1531 4351; x_wconf 89' lang='lat' dir='ltr'>nisi</span> 
     </span>
     <span class='ocr_line' id='line_1_51' title="bbox 310 4365 1531 4436; baseline 0 -17"><span class='ocrx_word' id='word_1_490' title='bbox 310 4383 352 4421; x_wconf 90' lang='lat' dir='ltr'>me</span> <span class='ocrx_word' id='word_1_491' title='bbox 369 4374 526 4436; x_wconf 88' lang='lat' dir='ltr'>occupasset</span> <span class='ocrx_word' id='word_1_492' title='bbox 544 4367 650 4420; x_wconf 92' lang='lat' dir='ltr'>Domini</span> <span class='ocrx_word' id='word_1_493' title='bbox 668 4366 749 4434; x_wconf 89' lang='lat' dir='ltr'>Regis</span> <span class='ocrx_word' id='word_1_494' title='bbox 767 4371 938 4434; x_wconf 87' lang='lat' dir='ltr'>praeceptum</span> <span class='ocrx_word' id='word_1_495' title='bbox 957 4367 983 4417; x_wconf 95' lang='lat' dir='ltr'>in</span> <span class='ocrx_word' id='word_1_496' title='bbox 1001 4365 1183 4419; x_wconf 90' lang='lat' dir='ltr'>emendatione</span> <span class='ocrx_word' id='word_1_497' title='bbox 1201 4365 1299 4419; x_wconf 90' lang='lat' dir='ltr'>veteris</span> <span class='ocrx_word' id='word_1_498' title='bbox 1316 4365 1428 4432; x_wconf 88' lang='lat' dir='ltr'>novique</span> <span class='ocrx_word' id='word_1_499' title='bbox 1449 4373 1531 4419; x_wconf 89' lang='lat' dir='ltr'>testa-</span> 
     </span>
     <span class='ocr_line' id='line_1_52' title="bbox 311 4438 417 4489; baseline 0.009 -2"><span class='ocrx_word' id='word_1_500' title='bbox 311 4438 417 4489; x_wconf 80' lang='lat' dir='ltr'>menti.“</span> 
     </span>
    </p>

    <p class='ocr_par' dir='ltr' id='par_1_10' title="bbox 380 4501 1530 4573">
     <span class='ocr_line' id='line_1_53' title="bbox 380 4501 1530 4573; baseline -0.002 -15"><span class='ocrx_word' id='word_1_501' title='bbox 380 4508 391 4539; x_wconf 77' lang='lat'>⁶</span> <span class='ocrx_word' id='word_1_502' title='bbox 408 4505 551 4573; x_wconf 85' lang='lat' dir='ltr'>Theganus</span> <span class='ocrx_word' id='word_1_503' title='bbox 569 4504 602 4558; x_wconf 87' lang='lat' dir='ltr'>de</span> <span class='ocrx_word' id='word_1_504' title='bbox 618 4503 701 4572; x_wconf 88' lang='lat' dir='ltr'>gestis</span> <span class='ocrx_word' id='word_1_505' title='bbox 718 4501 844 4556; x_wconf 85' lang='lat' dir='ltr'>Ludovici</span> <span class='ocrx_word' id='word_1_506' title='bbox 857 4503 898 4555; x_wconf 93' lang='lat' dir='ltr'>Pii</span> <span class='ocrx_word' id='word_1_507' title='bbox 915 4501 985 4570; x_wconf 88' lang='lat' dir='ltr'>apud</span> <span class='ocrx_word' id='word_1_508' title='bbox 998 4501 1040 4555; x_wconf 91' lang='lat' dir='ltr'>Du</span> <span class='ocrx_word' id='word_1_509' title='bbox 1054 4503 1158 4556; x_wconf 86' lang='lat' dir='ltr'>Chesne</span> <span class='ocrx_word' id='word_1_510' title='bbox 1169 4502 1230 4555; x_wconf 90' lang='lat' dir='ltr'>hist.</span> <span class='ocrx_word' id='word_1_511' title='bbox 1243 4503 1407 4554; x_wconf 86' lang='lat' dir='ltr'>Francorum</span> <span class='ocrx_word' id='word_1_512' title='bbox 1419 4509 1483 4556; x_wconf 90' lang='lat' dir='ltr'>tom.</span> <span class='ocrx_word' id='word_1_513' title='bbox 1497 4503 1530 4556; x_wconf 89' lang='grc' dir='ltr'>Π.</span> 
     </span>
    </p>
   </div>
   <div class='ocr_carea' id='block_1_6' title="bbox 310 4574 407 4644">
    <p class='ocr_par' dir='ltr' id='par_1_11' title="bbox 310 4574 407 4644">
     <span class='ocr_line' id='line_1_54' title="bbox 310 4574 407 4644; baseline 0.021 -18"><span class='ocrx_word' id='word_1_514' title='bbox 310 4589 336 4644; x_wconf 90' lang='lat' dir='ltr'>p.</span> <span class='ocrx_word' id='word_1_515' title='bbox 348 4574 407 4628; x_wconf 75' lang='lat' dir='ltr'>att.</span> 
     </span>
    </p>
   </div>
   <div class='ocr_carea' id='block_1_7' title="bbox 0 0 1667 5156">
    <p class='ocr_par' dir='ltr' id='par_1_12' title="bbox 0 0 1667 5156">
     <span class='ocr_line' id='line_1_55' title="bbox 0 0 1667 5156; baseline 0 0"><span class='ocrx_word' id='word_1_516' title='bbox 0 0 1667 5156; x_wconf 95' lang='lat' dir='ltr'> </span> 
     </span>
    </p>
   </div>
  </div>
 </body>
</html>
