3314 5166
617 262 793 331 ——2119
837 302 904 309 —

142 435 247 498 torem
262 433 472 500 accerrimum
483 435 683 502 6161611666
697 435 834 502 maxime
849 438 1024 502 severum¹
1056 437 1174 504 Mirum
1188 439 1299 520 116666
1313 459 1376 506 666

143 521 208 597 est,
222 516 384 598 Pilatum,
400 519 451 584 cui
466 519 506 585 ob
522 519 603 586 alias
618 539 732 588 causas
749 520 897 586 Caesaris
911 521 961 586 ira
976 527 1047 587 6661
1060 525 1249 604 66166616,
1265 525 1376 592 volun-

141 602 202 668 tati
230 602 433 670 Judaecrum
463 605 604 672 cedendo
633 607 870 672 accusationem
900 611 932 672 et
960 606 1198 688 inquisitionem
1222 610 1255 674 in
1284 629 1376 676 suam

142 687 390 754 administrandi
404 691 561 756 rationem
577 691 698 758 evitare
713 690 862 756 66161666.

228 773 261 856 6)
285 774 336 840 De
349 775 454 840 Felice
468 776 620 857 denique,
643 777 789 842 Judaeae
809 781 1033 858 procuratore,
1056 778 1188 844 Tacitus
1202 779 1276 844 hist
1292 780 1329 846 V.
1346 781 1374 844 9.

142 857 236 924 dicit:
266 859 384 942 „Feta
398 884 460 946 per
479 883 599 926 omnem
620 863 787 926 6666111666
808 885 847 926 66
865 861 1028 926 libidinem
1044 863 1105 945 jas
1128 864 1248 949 rapiam
1266 865 1379 930 somnii

140 943 265 1094 662οέ611
287 943 456 1096 caetrcaaif‘
498 947 581 1012 Mire
597 965 668 1012 eum
683 947 771 1012 hisce
786 947 1001 1028 consentiunt,
1024 965 1108 1028 quae
1121 949 1375 1030 6612124-

141 1047 166 1094 c.
254 1048 339 1112 egun
354 1051 402 1096 ur.

708 1166 736 1249 §-
759 1167 811 1234 80.

561 1302 767 1364 objectiones
778 1303 959 1354 solvrmtur.

228 1453 413 1521 Assertioni
427 1461 557 1521 6661666
573 1456 613 1521 16
629 1475 785 1522 concensu
796 1456 835 1520 N.
848 1456 883 1520 T.
899 1461 1150 1521 66616666666
1163 1455 1374 1538 scriptoribus

141 1537 286 1617 profanis
302 1542 470 1621 sequentia
484 1542 657 1623 praecipue
672 1543 790 1624 666661
804 1547 941 1622 6666661
957 1547 989 1606 61
1004 1541 1124 1606 solent:
1291 1596 1294 1602 .

224 1625 255 1688 1.
273 1623 343 1708 Oti.
365 1627 441 1691 Luc.
457 1627 487 1706 2,
503 1627 532 1693 2.
547 1628 667 1693 666116
682 1625 720 1692 fit
735 1626 960 1708 descriptionis
975 1626 1016 1691 ab
1027 1627 1176 1708 Augusto
1191 1627 1373 1706 mandatae,

142 1711 174 1772 et
188 1727 208 1772 a
224 1709 374 1790 Quirino,
402 1712 513 1792 Syriae
533 1713 695 1794 praeside,
722 1717 905 1793 susceptae,
932 1712 1024 1794 cuy’us
1044 1711 1210 1778 occasione
1226 1712 1373 1776 Christus

139 1792 345 1860 Bethlehemi
360 1797 403 1860 sit
417 1803 521 1862 natus.
551 1797 652 1878 Atqui
666 1803 751 1864 teste
766 1798 907 1878 16666166
923 1797 969 1862 Fl.
986 1797 1212 1877 16666666611
1228 1797 1374 1864 Salvato-

140 1877 183 1942 ris
198 1898 264 1944 non
277 1880 438 1961 Quirinus
459 1883 517 1948 sed
533 1882 724 1948 Saturninus
739 1883 851 1963 Syriae
865 1880 1020 1962 praefuit3
1043 1882 1096 1946 ille
1112 1881 1215 1946 serius
1230 1882 1369 1960 demum,

139 1962 301 2030 Archelao
325 1965 358 2030 in
381 1967 509 2032 exilium
523 1968 638 2046 misso,
664 1987 741 2048 ergo
757 1967 875 2047 elapsis
890 1967 981 2031 annis
998 1968 1047 2030 12.
1063 1966 1175 2047 Syriae
1189 1965 1372 2047 praefectus

141 2055 199 2129 est,
216 2056 250 2115 et
265 2069 414 2116 unacum
427 2051 567 2133 Coponio
578 2058 787 2134 procuratore
798 2053 830 2117 in
842 2052 1001 2117 Judaeam
1012 2052 1108 2130 venit,
1123 2056 1161 2115 ut
1173 2051 1372 2116 Judaeorum

140 2132 224 2199 bona
247 2142 424 2201 censeret.²
460 2139 565 2202 Lucas
579 2137 679 2219 igitur
695 2136 858 2202 confundit
872 2156 1043 2219 personas,
1066 2143 1214 2217 tempora
1229 2134 1371 2216 6116616,

142 2223 174 2283 61
187 2222 327 2300 6661616
341 2222 496 2288 historiae
510 2223 724 2304 ignorantiam
738 2223 856 2304 prodit.

225 2307 324 2386 Resp.
342 2307 372 2372 S.
388 2308 493 2373 Lucas
507 2327 571 2372 non
586 2306 750 2374 eoniimdit
763 2325 928 2388 personas,
943 2312 1090 2388 tempora
1106 2304 1253 2385 6116616,
1268 2324 1372 2388 neque

138 2407 248 2455 rerum
264 2393 447 2473 ignorantia
461 2393 606 2472 laborat3
625 2412 700 2458 nam
715 2413 735 2458 a
754 2393 978 2474 descriptione,
994 2392 1035 2458 de
1051 2410 1115 2472 qua
1129 2391 1163 2456 in
1176 2396 1287 2456 nostro
1302 2391 1371 2458 1666

139 2491 245 2541 sermo
263 2485 322 2556 661,
337 2478 408 2543 Act.
420 2478 451 2558 5,
461 2478 512 2542 37.
527 2478 628 2559 probe
643 2479 813 2560 distinguit
828 2497 965 2557 censum,
980 2477 1139 2542 Archelao
1154 2476 1298 2557 relegato
1313 2495 1372 2557 per

141 2558 312 2635 Quirinum
326 2568 450 2643 actum,
466 2563 522 2644 qui
537 2564 686 2629 seditioni
701 2583 811 2629 ansam
826 2564 932 2642 dedit,
948 2569 983 2628 et
996 2563 1038 2627 de
1053 2581 1116 2643 666
1132 2562 1153 2625 J
1155 2562 1294 2642 osephus
1308 2561 1328 2626 l.
1345 2580 1370 2626 6.

141 2643 301 2727 16661166;
322 2649 536 2730 6666616666
550 2649 723 2715 66666166
739 2650 872 2728 erravit,
892 2667 991 2729 quum
1006 2646 1270 2729 diligentissimus
1285 2653 1371 2714 esset

138 2731 288 2813 scriptor.
311 2734 461 2798 Fundata
475 2734 584 2815 potius
599 2735 866 2815 66116666661616,
882 2753 906 2798 s.
918 2735 1039 2798 Lucam
1054 2751 1225 2813 perperam
1236 2731 1371 2814 intelligi

138 2814 179 2880 ab
193 2817 250 2898 116,
267 2819 323 2899 qui
336 2819 432 2884 istam
447 2824 581 2885 movent·
590 2820 808 2901 obJ'ectionem.
835 2819 941 2882 Locus
955 2821 1065 2882 noster
1080 2817 1126 2881 616
1142 2822 1249 2882 sonat:
1269 2813 1369 2905 Αὕτη

147 2896 156 2921 ‘
182 2897 365 2993 ἀπογραφὴ
393 2905 511 2992 πρώτη
539 2903 668 2988 ἐγένετο
693 2902 942 2991 ἡγεμονεύοντος
966 2905 1023 2990 τῆς
1046 2907 1093 2968 Σο
1115 2898 1180 2997 iac·
1193 2896 1367 2997 livppsicv.

139 2923 263 3062 iiuodsi
278 2990 357 3054 haec
371 2997 552 3055 vertantur:
578 2989 761 3070 Descriptio
777 2989 856 3054 haec
878 2988 983 3069 prima
1006 2992 1076 3051 erat
1091 2925 1229 3063 Quium,
1257 2985 1369 3080 Syriae
1417 3047 1421 3054 .

140 3074 313 3152 praesidis,
336 3094 450 3140 revera
470 3075 610 3140 oriretur
632 3093 749 3156 pugna.
791 3074 854 3138 Ast
875 3073 908 3137 in
928 3091 953 3137 s.
970 3071 1130 3152 scriptura
1153 3069 1368 3150 superlativus
1416 3085 1419 3090 ’

140 3160 437 3310 estrees
448 3154 1368 3325 ostiscereostatarum{site

93 3361 97 3368 ·
141 3332 189 3392 est
210 3295 342 3410 eisdem,
368 3298 529 3397 [amittitur
549 3330 709 3412 particula
730 3329 948 3410 comparativa
967 3325 987 3417 ἤ
1009 3346 1072 3392 666
1088 3346 1160 3392 cum
1174 3325 1276 3392 altero
1292 3325 1367 3389 sub·

208 3587 217 3617 ¹
236 3582 344 3638 Sueten.
362 3583 392 3636 in
403 3582 492 3638 Tiber.
505 3583 560 3636 58.:
585 3581 657 3647 „Sub
672 3580 745 3634 idem
762 3586 869 3647 tempus
886 3577 1041 3632 consulente
1057 3584 1192 3645 praetore,
1213 3591 1249 3630 66
1263 3576 1366 3645 judicia

142 3649 288 3718 maiestatis
301 3652 360 3720 cogi
369 3651 488 3719 juberet,
509 3648 673 3704 exercendas
686 3664 744 3702 esse
756 3647 831 3715 leges
849 3645 998 3725 respondit,
1019 3651 1046 3698 et
1057 3645 1223 3698 atrocissime
1236 3645 1364 3699 exercuit.

143 3713 249 3773 Statuas
267 3719 374 3787 quidam
386 3719 502 3788 Augusti
521 3723 601 3786 caput
617 3717 764 3779 16666661,
786 3720 816 3768 61
827 3714 939 3768 alternus
954 3713 1111 3781 imponeret.
1135 3715 1206 3767 Acta
1222 3729 1266 3766 res
1283 3714 1311 3766 in
1321 3729 1365 3767 se-

141 3791 211 3852 natu,
223 3795 252 3841 et
281 3788 326 3840 uia
338 3787 529 3855 ambigebatur,
547 3803 595 3855 per
607 3789 742 3838 tormenta
753 3784 875 3851 quaesita
887 3787 942 3861 est.¹
960 3782 1094 3860 Damnato
1105 3797 1159 3846 reo,
1171 3781 1302 3861 paulatim
1313 3781 1364 3860 hoc

142 3865 222 3917 genus
243 3805 393 3909 cillumniae
414 3870 445 3908 eo
465 3855 603 3924 processit,
624 3861 654 3907 ut
673 3854 741 3906 haec
759 3867 864 3920 666666
884 3849 1010 3918 66611616
1030 3857 1133 3904 essent:
1158 3865 1230 3904 errca
1247 3852 1365 3918 Augusti

142 3919 310 3995 §insulsorum
332 3940 438 3978 servum
458 3925 594 3986 cecidisse,
614 3923 773 3976 vestimenta
793 3925 920 3982 mutasse,
940 3935 1048 3972 nummo
1069 3919 1112 3971 vel
1131 3919 1230 3972 annulo
1248 3917 1364 3997 effigiem

142 4001 297 4058 lupressam
308 3993 422 4046 latrinae
434 3999 481 4046 aut
493 3991 616 4061 lupanari
627 3990 763 4052 intulisse,
784 3988 884 4041 dictum
901 3986 987 4039 ullum
1005 3985 1138 4040 factumve
1156 3987 1215 4055 ejus
1228 3991 1363 4040 616616666-

142 4055 208 4113 tione
221 4061 311 4130 aliqua
321 4060 458 4114 laesisse.“
483 4061 537 4114 Cfr.
551 4061 636 4113 Tacit.
648 4058 745 4111 Annal.
758 4056 803 4110 lib.
816 4057 862 4109 VI.
1239 4121 1245 4132 .

205 4133 216 4164 ²
235 4129 359 4195 „Interea
370 4129 508 4196 Quirinus,
526 4144 595 4182 unus
605 4144 622 4181 e
634 4126 817 4190 senatoribus,
836 4124 876 4176 vir
887 4123 1010 4176 omnibus
1022 4122 1223 4190 magistratibus
1232 4135 1290 4188 Jam
1302 4134 1363 4188 per·

143 4189 258 4263 1666166,
276 4203 304 4251 61
316 4198 361 4266 661
372 4213 421 4265 666
433 4197 666 4251 666661666666
678 4194 777 4263 gradus
789 4193 824 4246 ad
836 4191 1004 4245 consulatum
1016 4207 1099 4269 66666
1111 4195 1252 4269 provectus
1265 4187 1362 4253 166661,

143 4259 290 4320 61166666
302 4265 462 4334 dignitatum
473 4266 623 4334 insignibus
635 4263 802 4331 conspicuus,
815 4276 876 4314 666
888 4259 981 4327 paucis
992 4258 1133 4312 comitibus
1145 4274 1173 4310 6
1183 4257 1201 4310 S
1235 4271 1288 4308 ram
1300 4271 1361 4323 per-

143 4333 221 4399 venit,
244 4335 342 4388 missus
355 4349 371 4387 a
383 4335 511 4398 Caesare,
532 4341 589 4386 tum
602 4339 632 4386 ut
641 4332 686 4399 jus
699 4329 824 4383 redderet
835 4327 944 4396 populo,
965 4333 1024 4380 tum
1041 4331 1077 4405 611
1088 4341 1184 4404 census
1214 4322 1362 4378 scultetum

144 4409 237 4465 ageret.
270 4402 389 4456 Mittitur
406 4403 486 4455 etiam
503 4417 564 4454 cum
583 4417 613 4455 66
626 4399 771 4468 Coponius,
792 4398 832 4450 vir
849 4396 949 4475 ordinis
962 4402 1105 4463 equestris,
1126 4409 1172 4474 qm
1184 4407 1288 4472 summa
1300 4408 1361 4446 cum

144 4473 269 4530 potestate
281 4470 392 4526 Judaeis
408 4475 552 4538 praeesset.
584 4469 666 4522 Venit
677 4466 803 4536 Quirinus
821 4465 901 4517 etiam
918 4479 946 4516 m
957 4462 1088 4516 Judaeam
1109 4461 1202 4531 Syriae
1218 4460 1361 4526 adductam,

144 4540 172 4587 ut
182 4552 271 4594 eorum
282 4539 352 4592 bona
363 4546 486 4593 censeret
497 4535 757 4611 (ἀποτιμησόμενος
769 4554 798 4589 τε
809 4533 903 4589 αὐτῶν
915 4531 963 4594 τὰς
975 4531 1107 4598 οὐσίας).“
