3314 5166
604 339 890 403 —147—

181 503 214 572 2)
240 503 408 559 facultate
420 507 606 570 gaudebant
619 509 811 570 necessaria,
823 523 886 570 res,
899 521 978 572 quas
990 509 1145 570 referunt,
1157 512 1306 561 accurate

636 595 858 657 canescendi.

687 730 715 812 ξ.
733 729 805 798 100.

645 867 864 931 Conspectus·

218 1015 389 1097 Objectum
408 1017 599 1100 principale,
622 1021 665 1085 ad
686 1022 773 1102 quod
794 1021 965 1088 relationes
980 1021 1018 1086 N.
1035 1020 1070 1086 T.
1086 1026 1253 1087 auctorum
1267 1039 1359 1087 revo-

128 1100 198 1165 cari
213 1108 364 1183 possunt,
389 1108 438 1168 est
452 1104 583 1186 triplex,
606 1107 754 1172 nimirum
769 1106 868 1188 facta,
891 1108 1057 1173 character
1072 1112 1105 1172 et
1119 1108 1264 1173 doctrina
1278 1107 1299 1173 J
1301 1125 1359 1172 esu

127 1183 269 1266 christu
284 1193 454 1269 praeterea
468 1189 555 1255 facta
567 1190 685 1256 Christi
700 1193 804 1258 denuo
820 1194 1046 1277 distinguenda
1061 1193 1181 1258 suntin
1197 1193 1359 1258 ordinaria

128 1277 161 1336 et
176 1275 456 1354 supematuralia3
477 1275 551 1341 hinc
565 1282 601 1341 ut
616 1278 716 1344 thesis
731 1285 842 1345 nostra
857 1282 942 1345 omni
957 1299 995 1344 ex
1009 1285 1103 1361 parte
1119 1279 1311 1344 dilucidetur
1327 1283 1360 1343 et

128 1357 218 1424 clare
235 1359 481 1441 demonstretur,
498 1364 718 1429 ostendemus:
733 1364 907 1446 Apostolos
921 1363 1110 1431 necessariis
1126 1364 1256 1430 dotibus
1271 1365 1359 1447 gavi-

127 1461 182 1508 sos
207 1463 280 1510 esse
301 1451 369 1510 tum
390 1447 431 1510 ad
453 1446 539 1512 facta
553 1448 634 1514 Jesu
655 1450 816 1516 ordinaria
839 1457 872 1516 et
894 1451 1152 1533 supernaturalia
1167 1451 1228 1515 rite
1243 1450 1360 1533 dijudi-

127 1530 249 1610 canda,
274 1534 343 1595 tum
358 1532 400 1595 ad
415 1531 631 1600 characterem
647 1535 715 1617 ejus
730 1537 831 1617 probe
847 1538 1114 1620 cognoscendum,
1137 1540 1207 1600 tum
1222 1537 1360 1617 denique

127 1615 169 1678 ad
186 1616 371 1682 doctrinam
386 1622 473 1683 16616
488 1619 735 1704 intelligendam.

687 1842 715 1924 a.
737 1844 808 1910 101.

128 1973 287 2037 Apostoli
302 1977 486 2030 necessaria
501 1978 684 2040 gaudebant
702 1979 857 2032 facultate
874 1981 905 2041 a)
917 1979 959 2030 ad
970 1981 1058 2032 facta
1071 1979 1092 2032 J
1094 1991 1150 2030 esu
1163 1979 1284 2030 christi
1295 1980 1359 2030 rite

639 2061 856 2124 diiudicanda.

221 2213 250 2277 1.
279 2213 387 2279 Factis
402 2219 435 2280 et
450 2216 616 2283 eventibus
631 2218 810 2300 ordinariis,
826 2219 928 2301 quiin
943 2217 981 2284 N.
997 2218 1032 2283 T.
1049 2218 1282 2300 describuntur,
1298 2220 1360 2284 rite

127 2300 361 2382 cognoscendis
375 2301 548 2382 Apostolos
563 2323 626 2368 non
640 2303 739 2370 fuisse
754 2307 906 2388 impares
932 2305 984 2370 vix
1006 2310 1071 2387 est,
1099 2305 1154 2388 qui
1173 2307 1205 2370 in
1227 2305 1360 2370 dubium

126 2389 243 2466 vocet,
260 2385 288 2449 si
303 2386 431 2466 quidem
446 2388 488 2452 ad
502 2388 582 2454 illud
597 2390 674 2455 nihil
690 2392 879 2472 requiritur,
901 2391 962 2456 nisi
978 2410 1074 2456 sanus
1091 2410 1203 2457 sensus
1219 2411 1360 2473 sanaque

128 2470 227 2550 ratio,
245 2489 325 2551 quas
340 2472 432 2537 dotes
449 2474 567 2540 millis
583 2476 748 2558 discipulis
760 2478 780 2542 J
782 2496 840 2542 esu
852 2476 972 2542 Christi
988 2497 1005 2543 6
1020 2477 1216 2559 reliquorum
1232 2482 1361 2544 caterva

127 2555 374 2707 {infflsslmtmff
384 2558 494 2626 electis
507 2567 540 2628 et
554 2562 689 2628 maxime
704 2562 913 2629 familiaribus
928 2563 1113 2645 abjudicare
1127 2564 1222 2647 plane
1243 2564 1361 2629 ridicu-

140 2662 200 2708 um
229 2661 308 2707 ore.
368 2649 399 2708 st

219 2729 250 2791 2.
280 2730 409 2810 gravior
434 2736 484 2796 est
510 2733 673 2813 quaestio,
707 2753 747 2798 an
773 2734 870 2800 etiam
903 2740 1034 2799 eventus
1066 2732 1217 2816 factaque
1242 2732 1363 2798 Ohiisti

129 2815 409 2897 supernaturalia,
435 2836 519 2898 quae
545 2819 745 2899 describunt,
772 2820 834 2885 rite
859 2820 1063 2902 dijudicando
1089 2821 1195 2885 idonei
1219 2820 1362 2886 fuerint?

129 2900 206 2964 Non
229 2899 361 2980 desunt,
385 2903 440 2983 qui
461 2904 522 2968 hoc
540 2909 672 2986 negent,
693 2905 739 2970 sic
761 2910 1037 2986 argumentantes:
1059 2906 1203 2970 Eventus
1226 2909 1259 2970 61
1276 2904 1363 2970 16616

130 2986 393 3067 supernaturalia
402 3007 465 3054 seu
479 2990 633 3055 miracula
648 2995 722 3056 sunt
737 2991 885 3071 effectus,
906 2990 1027 3055 viribus
1042 2995 1177 3056 naturae
1192 2991 1362 3060 ordinariis

132 3077 166 3136 et
190 3070 277 3136 notis
300 3074 498 3155 superiores;
521 3076 678 3158 ejusmodi
695 3078 762 3160 jam
782 3097 858 3143 vero
880 3075 1012 3143 effectus
1026 3077 1150 3142 nonnisi
1165 3077 1205 3140 ab
1222 3096 1259 3141 eo
1274 3081 1363 3140 recte

104 3167 109 3200 ⁸
133 3156 307 3238 dijudicari
330 3163 363 3222 et
385 3162 531 3242 cognosci
553 3167 700 3244 possunt,
727 3164 783 3244 qui
808 3181 917 3228 omnes
941 3169 1077 3228 naturae
1101 3163 1185 3227 vires
1210 3161 1363 3243 legesque

133 3247 360 3325 perscrutatus
383 3248 434 3311 est
453 3252 486 3312 et
507 3247 600 3329 plene
621 3256 808 3331 perspectas
830 3249 936 3314 habet.
980 3247 1081 3330 Atqui
1107 3252 1230 3313 tantam
1256 3247 1363 3328 legum

133 3328 316 3409 viriumque
330 3334 466 3398 naturae
481 3334 692 3415 coguitionem
706 3355 745 3401 ne
761 3335 955 3401 cultissimus
971 3336 1100 3417 quidem
1115 3338 1148 3399 et
1163 3352 1269 3398 rerum
1284 3334 1363 3414 phy·

135 3415 278 3480 sicarum
292 3416 506 3496 peritissimus
522 3419 584 3485 sibi
599 3421 770 3502 attribuet3
793 3428 928 3487 naturae
943 3422 1026 3487 enim
1042 3420 1180 3501 cognitio
1196 3437 1216 3483 a
1238 3419 1363 3484 nemine
1389 3465 1390 3470 1

132 3501 302 3581 hucusque
318 3502 472 3569 exhausta
488 3509 553 3586 est,
570 3508 628 3571 sed
642 3525 724 3572 nova
739 3509 882 3588 quotidie
898 3508 984 3589 capit
998 3507 1201 3571 incrementa.
1241 3505 1364 3581 Quodsi

134 3590 247 3650 autem
266 3605 306 3651 ne
328 3589 481 3656 scientiae
499 3592 650 3674 physicae
671 3594 760 3676 gnari
784 3593 914 3674 quidem
941 3598 1072 3658 eventus
1099 3591 1280 3674 quusdam,
1308 3590 1364 3672 qui

134 3672 225 3754 leges
251 3673 400 3755 viresque
425 3681 561 3744 naturae
588 3679 731 3759 cognitas
757 3678 939 3760 transgredi
963 3679 1106 3758 ridetur,
1145 3682 1363 3758 competentes

134 3757 249 3822 haberi
264 3764 400 3841 possunt
410 3762 552 3843 judices:
568 3768 686 3846 quanto
702 3763 806 3828 minus
820 3763 982 3845 Apostoli,
997 3764 1175 3845 piscatores
1191 3769 1248 3828 aut
1262 3763 1363 3845 porti-

135 3847 239 3924 tores,
259 3845 346 3909 nulla
361 3846 394 3910 in
409 3848 584 3929 disciplinis
599 3849 738 3931 physicis
753 3849 955 3914 institutione
969 3847 1071 3930 fruiti,
1093 3854 1264 3915 eventuum
1280 3850 1363 3931 eJ'us-

35 4007 42 4024 .
136 3929 224 3994 modi
239 3929 365 4011 judices
385 3931 492 3999 idonei
513 3934 625 4002 haberi
649 3935 799 4017 possuntt
837 3933 905 4016 (Sic
929 3935 1014 4000 inter
1038 3935 1118 4000 alios
1144 3935 1364 4002 recentissima
1446 3937 1448 3942 '

137 4019 245 4080 aetate
261 4016 358 4081 etiam
373 4018 506 4102 Reman).
914 4101 917 4106 ¹

224 4100 318 4186 Resp.
360 4103 496 4170 Praeter
516 4105 740 4172 necessitatem
762 4106 857 4189 plena
881 4111 913 4170 61
934 4104 1078 4187 perfecta
1099 4105 1206 4188 legum
1233 4103 1362 4168 virium-

75 4236 81 4247 .
138 4203 200 4267 que
214 4191 352 4253 naturae
365 4190 548 4271 postulatur
563 4192 709 4274 cognitio,
725 4197 763 4257 ut
770 4193 894 4274 justum
904 4189 962 4256 fiat
974 4193 1015 4257 de
1025 4195 1112 4258 certo
1125 4194 1240 4256 eventu
1251 4207 1362 4269 super·

138 4271 278 4338 naturali
295 4274 466 4357 judicium3
490 4296 563 4342 nam
581 4276 656 4343 licet
674 4279 815 4343 nondum
836 4278 991 4343 exhausta
1006 4279 1048 4342 sit
1062 4277 1178 4342 virium
1192 4277 1363 4356 legumque

140 4363 275 4424 naturae
286 4363 433 4444 cognitio,
445 4364 623 4444 permultae
634 4369 742 4430 tamen
753 4364 841 4446 leges
854 4372 886 4428 et
896 4363 980 4428 vires
993 4364 1061 4444 ejus
1070 4364 1137 4444 Jam
1147 4362 1362 4440 innotuerunt,

141 4461 261 4526 eaeque
281 4449 348 4510 tam
371 4454 478 4515 certae
499 4467 537 4514 66
560 4447 763 4530 manifestae,
789 4468 873 4530 quae
893 4450 934 4513 ab
961 4449 1107 4513 omnibus
1132 4451 1362 4528 agnoscantur;

140 4535 309 4610 praeterea
332 4534 409 4614 quid
430 4533 565 4601 naturae
583 4534 668 4601 vires
690 4554 728 4601 ac
749 4536 837 4618 leges
856 4535 919 4600 huc
939 4553 1042 4616 usque
1064 4533 1211 4614 cognitae
1237 4530 1363 4597 efficere

142 4633 203 4681 non
217 4617 360 4702 valeant,
387 4621 532 4687 omnibus
546 4622 627 4687 adeo
642 4639 832 4701 persuasum
848 4626 912 4701 est,
938 4624 991 4699 ut,
1018 4619 1174 4700 quidquid
1190 4617 1363 4684 efficaciam
1457 4667 1460 4674 .

1107 4720 1159 4773 10*
