3314 5166
618 253 904 319 -151—

144 431 282 492 naturae
296 423 455 490 humanae
468 423 668 506 indigentiis,
692 429 725 490 et
739 425 771 491 iu
793 444 910 508 genere
926 424 1045 490 Christi
1060 424 1226 491 consilium
1241 431 1273 492 et
1287 427 1368 494 inte-

142 531 236 596 grum
252 509 459 577 redemtionis
475 528 556 590 opus
570 508 664 593 plene
678 510 905 593 perspicerent.
921 547 964 556 -—
979 511 1073 588 Quod
1087 515 1196 576 autem
1211 512 1326 578 attinet

227 599 257 662 2.
280 595 400 680 ingenii
414 595 610 676 tarditatem,
626 596 848 662 observamus:
1391 677 1393 682 Ι

228 681 263 766 a)
285 681 367 747 bene
384 681 653 762 distinguendum
680 687 729 747 est
754 682 838 748 inter
863 682 1024 765 ingenium
1053 680 1179 744 tardum
1209 687 1242 748 et
1271 681 1368 747 hebes.

125 770 284 836 ¹Tardum
299 766 460 848 ingenium
481 766 615 848 longiori
637 767 767 848 quidem
788 767 911 850 indiget
933 767 1072 847 cultura;
1096 771 1239 834 attamen
1261 788 1368 851 opera,

141 874 226 937 quae
241 855 273 920 iu
288 853 368 918 illud
383 852 588 918 excolendum
602 851 805 935 impenditur,
821 873 883 919 non
899 858 949 919 est
962 853 1106 935 perdita;
1129 872 1192 935 quo
1208 852 1368 920 difficilius

141 941 225 1006 enim
248 959 317 1005 rem
339 939 510 1020 quamdam
533 938 633 1020 capit,
662 958 699 1004 eo
721 938 843 1004 firmius
866 959 936 1005 eam
963 938 1121 1020 cognitam
1147 943 1251 1019 tenet;
1277 941 1368 1022 atqui

139 1025 290 1108 Apostoli
314 1043 374 1106 per
398 1024 569 1090 triennium
594 1024 646 1089 usi
671 1030 745 1089 sunt
770 1025 970 1090 institutione
991 1024 1138 1106 magistri
1164 1024 1277 1107 divini,
1305 1045 1368 1108 quo

140 1111 262 1195 ingenii
277 1110 414 1175 tarditas
429 1109 555 1175 omnino
571 1110 717 1192 superari
755 1111 838 1176 ctuit
851 1129 889 1177 ac
904 1110 1024 1176 debuit.

228 1197 261 1279 b)
276 1196 352 1278 Ipsa
365 1195 421 1260 illa
431 1194 659 1276 Apostolorum
674 1131 812 1262 tarditas
827 1216 889 1262 uon
903 1197 936 1260 111
948 1194 1075 1263 defectu
1087 1196 1226 1276 quodam
1240 1195 1367 1279 ingenii,

137 1283 197 1348 sed
213 1282 322 1364 potius
337 1281 370 1345 in
384 1279 590 1363 praejudiciis
606 1300 716 1346 eorum
734 1282 871 1364 judaicis
885 1281 1006 1347 fontem
1028 1300 1121 1346 suurn
1142 1281 1271 1361 habuit;
1293 1302 1367 1348 uam

137 1369 218 1434 dum
233 1366 351 1450 ingenii
366 1365 530 1431 tarditatis
545 1373 739 1448 arguuntur,
762 1367 957 1434 testantibus
972 1366 1145 1449 evangeliis
1159 1365 1226 1434 fere
1242 1386 1368 1450 semper

136 1454 199 1518 hoc
222 1452 260 1518 fit
279 1453 368 1532 ideo,
395 1451 471 1532 quia
487 1449 677 1533 ,difficillime
698 1453 866 1535 capiebant
890 1457 948 1518 aut
969 1453 1183 1518 admittebant
1204 1453 1367 1534 veritates,

135 1559 224 1621 quae
240 1537 418 1604 contrariae
441 1541 532 1602 erant
553 1538 758 1620 praejudiciis
777 1539 932 1620 judaicis,
957 1539 1130 1621 praecipue
1145 1539 1186 1603 de
1209 1544 1366 1621 perpetuo

135 1625 220 1708 legis
236 1623 388 1705 autiquae
402 1622 526 1703 valore,
551 1625 591 1689 de
607 1624 726 1690 Messia
742 1624 875 1707 ejusque
888 1644 1000 1707 regno,
1023 1625 1138 1690 animis
1154 1643 1264 1691 corum
1279 1624 1368 1690 altis-

135 1711 220 1776 sime
235 1709 349 1775 iusitis.
386 1707 457 1774 Hac
471 1708 504 1772 in
519 1727 555 1774 re
570 1727 646 1792 ergo
663 1710 797 1776 eruditis
807 1710 946 1776 ludaeis
965 1710 1036 1776 aevi
1050 1709 1101 1775 sui
1115 1710 1166 1774 vix
1181 1715 1239 1774 aut
1252 1730 1367 1792 parum

134 1795 307 1862 inferiores
323 1797 428 1874 erant,
454 1798 487 1859 et
501 1795 641 1876 repetita
655 1795 801 1878 magistri
815 1797 1003 1876 monitione,
1020 1800 1076 1860 aut
1092 1795 1244 1862 severiori
1260 1797 1366 1877 etiam,

133 1881 194 1946 ubi
205 1899 287 1962 opus
299 1883 369 1944 erat
380 1879 598 1961 increpatione
609 1899 629 1944 a
640 1881 845 1963 praejudiciis
861 1881 927 1946 suis
939 1881 1054 1960 sanari,
1070 1886 1103 1946 et
1118 1899 1243 1946 errores
1256 1901 1366 1947 eorum

135 1967 257 2049 corrigi
280 1969 432 2050 poterant
454 1963 523 2046 (cir.
539 1966 596 2030 Mt.
615 1967 663 2046 15,
681 1967 730 2031 16.
754 1967 803 2046 16,
818 1967 954 2032 22—24.
977 1967 1095 2046 1121.
1131 1966 1365 2049 1111121251.

137 2052 263 2130 Quodsi
279 2051 451 2135 opponitur
464 2050 553 2116 locus
568 2051 626 2118 Mt.
644 2052 693 2132 16,
709 2051 816 2133 5—7,
836 2053 891 2118 ubi
905 2051 1052 2134 Apostoli
1066 2051 1166 2117 verba
1181 2051 1313 2133 Christi,
1329 2059 1366 2117 ut

135 2139 199 2206 sibi
215 2141 366 2204 caverent
380 2156 400 2202 a
413 2134 568 2202 fermento
583 2136 829 2204 Pharisaeorum
845 2143 878 2205 et
893 2139 1168 2218 Sadducaeorum,
1183 2137 1242 2203 11.
1259 2157 1365 2220 aper·
1483 2220 1486 2226 y
1536 2181 1537 2184 ,

135 2223 240 2290 versis
255 2241 365 2289 eorum
379 2222 560 2306 principiis,
582 2241 678 2289 sensu
692 2223 821 2306 proprio
837 2224 1086 2306 interpretantes
1100 2223 1272 2305 putabant,
1296 2243 1331 2290 se
1346 2243 1366 2292 a

133 2310 291 2392 magistro
306 2307 414 2390 argui,
431 2310 517 2389 quod
531 2327 631 2390 panes
647 2328 755 2376 secum
770 2329 896 2376 sumere
911 2310 1003 2376 obliti
1018 2312 1142 2374 essent:
1163 2327 1296 2375 erronea
1310 2309 1366 2375 illa

136 2394 297 2461 sententia
322 2392 416 2461 facile
442 2394 635 2478 explicatur,
665 2396 783 2462 etenim
809 2396 927 2461 ludaei
952 2395 1164 2460 minutissimo
1190 2393 1365 2477 legalitatis

135 2481 244 2547 studio
271 2479 359 2545 ducti
383 2498 484 2561 panes
510 2480 552 2546 ab
576 2481 757 2547 hominibus
783 2481 844 2549 sibi
868 2482 1004 2547 inimicis
1031 2500 1136 2546 emere
1161 2482 1363 2552 verebantur.

135 2567 209 2631 Jam
231 2583 307 2630 vero
329 2565 491 2646 Apostoli,
518 2566 573 2648 qui
599 2570 632 2632 et
657 2567 720 2649 ipsi
742 2568 846 2634 adhuc
870 2567 1076 2650 praejudiciis
1098 2567 1236 2648 judaicis
1263 2566 1364 2631 dediti

135 2656 237 2732 erant,
252 2651 445 2716 Pharisaeos
459 2671 563 2733 aeque
578 2671 616 2717 ac
628 2652 833 2719 Sadducaeos
847 2653 1063 2719 inimicissimo
1078 2653 1110 2717 iu
1123 2653 1143 2717 J
1145 2671 1235 2729 esum
1247 2655 1280 2718 et
1296 2653 1364 2734 ejus

136 2736 311 2819 discipulos
325 2735 403 2803 ferri
418 2737 532 2819 auimo,
553 2739 741 2819 quotidiana
756 2739 951 2821 experientia
967 2739 1053 2804 docti
1068 2738 1220 2805 sciebant.
1264 2738 1364 2804 Porro

134 2823 325 2889 miraculum
340 2829 527 2904 exspectare
541 2823 592 2889 111
606 2823 700 2905 plane
716 2831 865 2906 expetere
880 2843 899 2890 a
913 2824 1049 2889 Domino
1066 2843 1103 2890 eo
1118 2823 1221 2905 magis
1236 2823 1364 2888 dubita·

134 2910 229 2989 bant,
255 2927 294 2976 ac
313 2908 453 2990 repetita
475 2909 542 2991 jam
564 2908 633 2975 vice
655 2907 726 2990 (Mt.
741 2911 789 2991 12,
799 2910 864 2992 39.)
890 2910 953 2974 imo
976 2909 1066 2974 brevi
1091 2913 1186 2973 antea
1209 2907 1362 2989 (11111116,

136 2994 265 3076 1-3.)
295 2994 487 3060 Pharisaeos
516 2994 703 3062 miraculum
732 2995 932 3076 postulantes
962 3013 1073 3060 seuere
1102 2994 1362 3075 reprehenderat.

136 3081 242 3158 Quare
258 3080 438 3146 mirandum
459 3099 522 3145 non
538 3085 602 3161 est,
625 3080 797 3162 Apostolos
820 3080 939 3146 auditis
956 3079 1076 3144 Christi
1098 3079 1204 3144 verbis
1219 3083 1362 3161 putasse,

137 3185 170 3232 se
180 3184 282 3249 panes
294 3165 411 3230 oblitos
426 3166 527 3248 argui,
544 3166 619 3248 quia
630 3166 823 3248 negligentia
835 3185 894 3232 sua
906 3166 1130 3232 necessitatem
1145 3165 1362 3244 adduxissent,

138 3257 194 3316 aut
209 3269 310 3332 panes
326 3251 366 3316 ab
382 3252 575 3318 adversariis
591 3253 723 3332 emendi,
739 3257 797 3318 aut
811 3252 999 3318 miraculum
1014 3271 1034 3316 a
1050 3251 1177 3316 Christo
1193 3251 1331 3332 petendi.

221 3335 250 3419 c)
273 3337 404 3418 Ingenio
434 3338 515 3403 adeo
545 3339 672 3419 tardos,
703 3345 740 3402 ut
764 3358 804 3404 ne
828 3337 973 3420 diligenti
999 3336 1128 3419 quidem
1154 3341 1186 3402 et
1212 3337 1363 3402 diuturna

136 3422 283 3506 magistri
306 3423 533 3505 sapientissimi
555 3423 756 3491 institutione
774 3429 806 3490 ct
821 3424 961 3506 Spiritus
977 3442 1001 3488 1.
1016 3422 1230 3488 illustratione
1244 3422 1362 3488 doctri·

135 3528 194 3575 nae
210 3509 404 3576 christianae
419 3509 480 3575 rite
495 3509 719 3593 percipiendae
734 3514 841 3577 essent
855 3510 973 3589 idonei,
991 3509 1087 3574 etiam
1101 3508 1173 3573 ideo
1188 3507 1361 3589 Apostolos

136 3595 196 3662 sibi
210 3600 456 3677 repraesentare
470 3595 627 3676 nonlicet,
643 3596 719 3677 quia
731 3614 823 3661 secus
834 3614 854 3659 a
866 3595 886 3659 J
888 3613 945 3661 esu
957 3595 998 3660 ad
1010 3612 1125 3660 munus
1140 3593 1361 3674 apostolicum,

135 3681 177 3746 ad
189 3681 433 3831 propagandam
447 3681 633 3764 religionem
648 3681 716 3766 ejus
731 3681 764 3746 iu
779 3681 926 3747 universo
941 3680 1059 3746 mundo
1075 3683 1163 3746 certe
1177 3699 1239 3744 nou
1255 3686 1362 3746 essent

135 3766 248 3834 vocati.
325 3766 440 3847 cuique

115 3861 118 3864 ’
220 3849 255 3934 d)
270 3850 406 3936 Paulum
417 3852 477 3936 Ap.
493 3852 572 3918 satis
587 3852 787 3935 ingeniosum
798 3851 906 3932 luisse,
922 3856 955 3917 et
966 3849 1144 3917 doctrinam
1155 3850 1361 3916 christianam

134 3958 192 4020 pro
200 3937 375 4022 universali
386 3938 492 4004 indole
503 3957 562 4003 sua
573 3939 614 4004 ab
631 3958 668 4005 eo
683 3937 959 4020 praestantissime
974 3936 1207 4016 adumbratam,
1223 3956 1285 4001 non
1301 3941 1360 4016 est,

135 4025 188 4106 qui
209 4028 315 4106 neget.
360 4024 433 4089 Jam
455 4043 531 4090 vero
554 4042 663 4091 omncs
684 4024 800 4106 reliqui
821 4023 968 4105 Apostoli
989 4042 1060 4090 cum
1083 4043 1121 4089 eo
1142 4023 1175 4086 in
1196 4022 1361 4088 doctrinae

134 4109 228 4192 huJus
251 4109 547 4191 repraesentatione
566 4110 806 4177 accuratissime
831 4109 1047 4190 consentiunt,
1073 4109 1160 4191 quod
1185 4111 1272 4173 certe
1297 4126 1360 4172 non

134 4195 269 4262 haberet
283 4194 396 4275 locum,
413 4195 441 4260 si
455 4193 501 4260 illi
516 4195 681 4263 doctrinae
695 4197 716 4261 J
718 4215 775 4262 esu
790 4195 962 4262 universali
977 4195 1076 4260 indoli
1091 4195 1153 4260 1111
1169 4211 1358 4274 coguoscen-

136 4281 195 4346 dae
209 4300 273 4346 nou
287 4279 423 4347 finissent
437 4281 551 4347 idonci.
