3356 5176
138 513 254 573 scnrper
273 490 482 569 obseruatum,
505 490 688 553 (aatodt'tum
711 505 738 552 et
757 491 908 553 tra-delum
925 505 985 554 est:
1010 491 1043 553 id
1058 509 1133 555 vere
1148 491 1359 571 apostolicum

108 585 111 590 '
140 593 220 655 esse,
243 575 378 656 proinde
399 580 431 640 et
449 575 562 655 libros,
585 576 640 657 qui
660 577 693 640 in
708 577 795 641 hisce
811 576 953 642 ecclesiis
969 595 1096 657 semper
1109 576 1142 640 in
1157 595 1218 641 usu
1232 576 1360 657 pubhco

140 667 235 740 erant,
261 660 430 742 apostolici
453 666 485 725 et
507 662 605 726 divini
627 661 737 741 habiti,
764 681 876 728 revera
898 662 980 727 tales
1003 663 1252 743 agnoscendos,1
1280 662 1360 724 elios

140 761 236 810 eorem
258 769 372 827 omnes,
395 747 450 827 qui
473 752 583 812 contra
604 748 687 812 hunc
708 765 802 812 usum
823 753 856 813 et
875 747 1079 812 traditionem
1094 747 1359 829 —apostolicam

119 831 289 913 ’1111111111
310 851 348 896 11
371 832 510 898 divinam
533 834 758 898 auctoritatem
774 833 835 898 sibi
851 837 1051 914 arrogarent,
1072 833 1271 914 apocryphos
1288 851 1359 898 esse

141 918 333 983 censendos.2
362 918 551 998 Arqomeoto
566 920 711 982 historico
732 920 778 982 ed
795 919 1013 982 ostendendam
1034 919 1244 999 apostolicam
1264 918 1360 1000 origi-

140 1022 206 1069 nem
221 1003 376 1068 librorum
390 1004 429 1067 N.
445 1003 480 1067 F.
497 1004 668 1069 sufficienti
683 1005 771 1069 aliud
786 1004 1030 1086 adiungebatur,
1047 1009 1079 1069 et
1094 1005 1224 1084 quidem

219 1089 247 1152 2.
283 1088 458 1152 Coerenses
484 1093 663 1175 1191111111
684 1091 764 1153 libri
783 1114 853 1152 cam
874 1114 955 1153 scca
978 1090 1121 1153 doctrr'rta
1140 1089 1181 1154 ab
1196 1089 1361 1170 Apostolis

140 1325 292 1394 disceptatio
310 1331 394 1391 esset,
412 1340 498 1378 nonne
515 1330 651 1392 oporteret
667 1325 695 1380 in
706 1326 905 1394 antiquissimas
917 1340 1056 1379 recurrere
1067 1325 1207 1388 ecclesias,
1224 1325 1361 1392 inquibus

140 1395 247 1461 apostoli
259 1394 410 1447 conversati
423 1400 493 1458 sunt,
511 1400 538 1446 et
551 1395 584 1446 ab
597 1394 635 1447 eis
649 1395 681 1447 de
693 1395 828 1462 praesenti
840 1395 994 1462 quaestione
1007 1409 1120 1459 sumere,
1137 1394 1207 1460 quod
1219 1399 1322 1446 certum
1335 1399 1361 1447 11

140 1463 259 1530 liquidem
279 1463 339 1515 est?
364 1461 477 1515 Tertull.
491 1461 523 1514 de
541 1463 699 1529 praescript.
716 1463 817 1517 haeret.
831 1479 853 1516 c.
868 1463 907 1516 19.
920 1469 981 1515 ante
994 1463 1082 1516 omnia
1098 1462 1284 1530 inquirendum
1302 1477 1360 1515 esse

30 1549 36 1562 ·
140 1532 211 1585 dicit:
224 1531 342 1599 „Quibus
356 1535 489 1598 competat
501 1529 569 1582 fides
581 1530 648 1598 ipsa,
662 1531 739 1599 cujus
753 1532 807 1584 sint
819 1532 976 1598 scripturae,
989 1546 1005 1582 a
1017 1546 1075 1597 quo,
1088 1546 1137 1598 per
1146 1546 1211 1598 quos
1220 1536 1248 1583 et
1256 1530 1361 1598 quando

139 1600 269 1679 atquibus
289 1599 324 1651 sit
342 1599 442 1651 tradita
460 1598 614 1665 disciplina,
637 1614 690 1666 qua
706 1599 775 1656 fiunt
791 1599 943 1653 Christiani.
972 1597 1025 1652 Ubi
1041 1599 1111 1652 enim
1129 1599 1285 1666 apparuerit
1302 1613 1361 1652 1111

139 1674 271 1721 veritatem
284 1666 441 1734 disciplinae
454 1673 481 1718 ct
492 1666 555 1719 fidei
572 1666 745 1732 christianae,
764 1669 818 1720 illic
838 1669 889 1721 erit
900 1668 999 1720 veritas
1012 1668 1205 1735 scripturarum
1218 1674 1245 1720 et
1256 1668 1362 1734 exposi-

140 1737 233 1789 tionum
246 1742 272 1789 et
284 1735 402 1788 omnium
414 1734 586 1787 traditionum
602 1735 838 1789 Clrristianorum.“
863 1736 929 1789 Ibid.
943 1751 965 1788 c.
978 1735 1019 1788 32.
1044 1735 1135 1788 Edant
1149 1736 1296 1802 (haeretici)
1310 1735 1361 1788 ori·

141 1805 208 1872 gines
220 1803 395 1858 ecclesiarum
409 1819 529 1870 suarum3
552 1803 674 1856 evolvant
686 1805 805 1857 ordinem
819 1805 1002 1871 episcoporum
1016 1819 1132 1868 suorum,
1145 1804 1184 1856 ita
1195 1820 1244 1871 per
1255 1819 1361 1857 succes-

142 1874 220 1926 siones
237 1874 271 1926 ab
290 1873 366 1925 initio
385 1871 585 1936 decurrentem,
607 1878 637 1925 ut
654 1873 756 1940 primus
774 1872 819 1925 ille
837 1873 977 1940 episcopus
994 1871 1109 1992 alityluem
1128 1888 1162 1924 ex
1179 1872 1307 1938 apostolis
1319 1872 1361 1924 vel

141 1941 284 2009 apostolicis
303 1941 381 2003 viris,
400 1940 444 2007 qui
462 1945 553 1992 tumen
571 1957 631 1993 cum
644 1941 780 2008 Apostolis
798 1939 1020 2007 perseveraverit,
1059 1941 1163 1993 abuerit
1181 1946 1317 1993 auctorem
1335 1946 1363 1993 et

141 2016 336 2064 antecessorem.
360 2009 418 2061 Hoc
435 2009 505 2061 enim
521 2008 599 2061 modo
615 2009 743 2061 ecclesiae
760 2009 921 2076 apostolicae
940 2023 1036 2061 census
1052 2023 1114 2062 suos
1132 2007 1269 2071 deferunt,
1291 2009 1361 2061 sicut

143 2078 339 2146 Smyrnaeorum
352 2075 465 2130 ecclesia
479 2075 656 2144 Polycarpum
669 2078 702 2130 ab
713 2077 730 2129 J
731 2092 815 2130 oanne
828 2077 986 2130 collocatum
998 2074 1090 2141 refert,
1103 2076 1172 2130 sicut
1181 2075 1362 2130 Romanorum

142 2145 296 2200 Clementem
309 2161 325 2197 a
337 2145 416 2198 Petro
428 2144 587 2197 ordinatum.

205 2219 212 2248 ¹
231 2213 345 2267 Tertull.
359 2229 381 2265 c.
395 2213 559 2266 Marcionem
572 2212 618 2267 IV.
631 2213 656 2266 h.
679 2213 711 2265 In
725 2228 836 2279 summa,
850 2213 872 2266 si
885 2218 997 2277 constat,
1010 2213 1037 2267 id
1049 2212 1146 2278 verius,
1158 2213 1228 2280 quod
1240 2212 1323 2281 prius,
1336 2212 1364 2265 id

142 2283 216 2350 prins,
233 2282 302 2350 quod
319 2282 353 2335 ab
365 2281 448 2346 initio,
465 2280 492 2333 id
505 2282 539 2334 ab
550 2281 634 2346 initio,
652 2281 721 2348 quod
738 2283 772 2336 ab
791 2282 930 2349 apostolis:
952 2282 1054 2362 pariter
1069 2281 1160 2348 utique
1178 2281 1319 2346 constabit,
1336 2281 1363 2334 id

144 2366 195 2404 1111
207 2352 239 2405 ab
250 2349 470 2419 apostolis,quod
484 2350 555 2417 apud
566 2348 693 2404 ecclesias
703 2350 883 2418 apostolorum
893 2349 974 2404 fuerit
984 2356 1190 2404 sacrosanctum.
1210 2349 1364 2413 Videamus,

145 2420 205 2486 quod
217 2420 257 2472 lac
270 2435 286 2472 a
299 2417 384 2472 Paulo
398 2418 529 2473 Corinthii
541 2418 688 2483 hauserint,
701 2449 734 2458 -
747 2451 780 2458 -
792 2419 856 2486 quid
868 2419 949 2472 etiam
957 2419 1071 2472 Romani
1083 2418 1116 2472 de
1128 2418 1249 2486 proximo
1262 2423 1364 2482 sonent,

146 2488 229 2554 quihus
242 2487 410 2556 evangelium
423 2492 450 2540 et
462 2487 559 2540 Petrus
573 2492 600 2540 et
611 2487 712 2540 Paulus
725 2487 854 2554 sanguine
867 2503 968 2555 quoque
982 2503 1030 2540 suo
1042 2487 1176 2566 signatum
1188 2486 1362 2555 reliquerunt.
1378 2553 1379 2558 ἵ

145 2555 269 2610 Habemus
288 2563 316 2609 11
332 2555 445 2609 loannis
464 2555 586 2608 alumnas
605 2555 740 2608 ecclesias.
770 2555 839 2608 Nam
857 2556 908 2608 etsi
926 2554 1099 2636 apocalypsin
1115 2555 1173 2623 ejus
1185 2555 1307 2608 Marcion
1323 2571 1364 2608 11-

147 2626 221 2690 spuit,
238 2625 303 2679 ordo
315 2631 406 2678 tamen
420 2623 604 2692 episcoporum
617 2623 650 2676 ad
663 2624 790 2692 originem
803 2639 930 2678 recensus
942 2641 970 2676 m
982 2624 1112 2678 Joannem
1126 2623 1209 2677 stabit
1220 2630 1364 2676 auctorem.

148 2692 183 2745 Sic
195 2700 220 2747 11
231 2699 382 2747 ceterarum
391 2693 598 2759 (scripturarum
612 2694 659 2759 sc.)
670 2692 834 2759 generositas
845 2693 1051 2760 recognoscitur.
1102 2691 1207 2746 Eadem
1218 2692 1364 2745 auctoritas

146 2761 309 2814 ecclesiarum
322 2759 530 2828 apostolicarum
543 2760 639 2812 ceteris
651 2776 754 2828 quoque
766 2761 977 2829 patrocinabitur
994 2760 1151 2830 evangeliis,
1168 2776 1236 2827 quae
1253 2760 1364 2828 proinde

145 2829 253 2895 perillus
266 2836 293 2882 et
306 2828 453 2882 secundum
465 2828 526 2881 illas
538 2827 675 2892 habemus,
694 2828 712 2880 J
712 2829 805 2882 oannis
817 2829 876 2882 dico
889 2835 916 2881 et
927 2829 1067 2895 Matthaei,
1084 2829 1147 2882 licet
1158 2828 1276 2892 Marcus,
1294 2828 1363 2896 quod

147 2897 232 2963 edidit,
248 2898 322 2951 Petri
339 2897 501 2960 affirmetur,
519 2896 596 2962 cujus
614 2895 747 2962 interpres
759 2897 877 2950 Marcus.
902 2897 1003 2963 Atquin
1015 2896 1082 2950 haec
1094 2912 1138 2949 ma
1158 2897 1179 2948 's
1192 2912 1208 2948 a
1219 2895 1364 2964 primordio

146 2964 233 3030 hrisse,
254 2964 383 3019 credibile
401 2971 454 3029 est,
475 2970 506 3016 ut
521 2963 624 3030 priora,
644 2979 696 3030 qua
713 2963 871 3031 apostolica,
893 2970 924 3016 ut
940 2979 1000 3016 cum
1019 2964 1084 3031 ipsis
1098 2980 1144 3016 ecc
1172 2965 1219 3017 siis
1231 2963 1362 3017 dedicata.

145 3033 200 3101 Cap.
212 3035 236 3088 5.
260 3034 311 3088 His
323 3033 381 3088 fere
394 3031 557 3100 compendiis
570 3031 678 3092 utimur,
692 3047 753 3084 cum
765 3032 798 3084 de
815 3031 946 3100 evangelii
957 3031 1010 3084 fide
1022 3032 1081 3085 adv.
1094 3032 1243 3085 haereticos
1256 3031 1364 3099 expedi·

146 3118 204 3166 nus,
215 3102 420 3156 defendentibus
433 3107 460 3154 ct
472 3107 623 3167 temporum
635 3099 756 3152 ordinem
768 3098 919 3168 posteritati
931 3098 1110 3164 falsariorum,
1127 3100 1363 3167 praescribentem,

146 3172 366 3225 etauctoritatem
385 3169 560 3223 ecclesiarum
578 3167 715 3221 traditioni
736 3168 916 3236 apostolorum
937 3168 1161 3236 patrocinantem,
1183 3169 1245 3236 quia
1265 3167 1363 3221 veritas

146 3236 233 3292 falsum
244 3238 390 3308 praecedat
401 3253 511 3291 necesse
524 3241 573 3300 est,
591 3241 618 3289 et
630 3236 664 3290 ab
682 3237 721 3290 eis
733 3235 868 3304 procedat,
885 3237 1008 3304 aquibus
1024 3237 1124 3290 tradita
1136 3243 1184 3290 est.
1210 3237 1236 3290 S.
1249 3238 1363 3304 August.

147 3305 174 3358 de
190 3307 254 3361 doct.
274 3307 468 3361 1111111.Π.12.
502 3307 535 3359 In
554 3305 688 3358 canonicis
709 3311 799 3359 autem
820 3305 960 3373 scripturis
978 3306 1151 3360 ecclesiarum
1173 3304 1364 3358 catholicarum

147 3390 216 3441 quam
246 3376 345 3430 larium
357 3375 544 3428 auctoritatem
558 3379 700 3440 sequatur,
717 3373 787 3426 inter
805 3389 871 3440 quas
889 3389 953 3428 sane
965 3373 1028 3428 illae
1041 3374 1106 3437 sint,
1124 3389 1191 3442 quae
1203 3372 1364 3440 apostolicas

149 3443 215 3498 sedes
227 3393 330 3497 {abere
348 3449 374 3496 ct
391 3442 517 3510 epistolas
535 3442 656 3508 accipere
673 3449 836 3495 meruerunt.
861 3442 960 3496 Contra
976 3441 1069 3496 Faust.
1082 3442 1129 3494 XI.
1143 3458 1164 3494 c.
1177 3442 1214 3494 2.;
1238 3441 1321 3494 Vides
1337 3441 1365 3493 in

148 3509 190 3563 hac
201 3528 228 3565 re
240 3513 304 3580 quid
316 3511 446 3565 ecclesiae
459 3509 605 3564 catholicae
617 3509 706 3563 valeat
719 3510 875 3574 auctoritas,
898 3526 965 3578 quae
982 3511 1015 3563 ab
1031 3511 1097 3578 ipsis
1114 3509 1310 3562 fundatissimis
1324 3524 1364 3562 se-

149 3577 215 3633 dibus
226 3581 407 3649 apostolornm
425 3594 508 3646 usque
525 3578 559 3630 ad
576 3578 732 3631 hodiernam
750 3578 820 3631 diem
838 3579 1038 3632 succedentium
1058 3578 1164 3631 sibimet
1180 3577 1365 3645 episcoporum

149 3648 207 3702 serie
218 3656 245 3702 et
255 3655 295 3702 tot
307 3646 465 3717 populorum
478 3647 650 3700 consensione
663 3645 792 3699 firmatur.

207 3719 218 3750 ²
235 3717 378 3784 Serapion,
397 3717 512 3783 episcop.
526 3714 649 3769 Antioch.
668 3715 740 3767 circa
758 3718 800 3768 ant
818 3715 876 3767 190.
891 3714 972 3781 (apud
987 3714 1087 3767 Euseb.
1105 3713 1168 3766 hist.
1182 3729 1236 3766 111.
1248 3713 1295 3766 Vl.
1310 3713 1364 3779 12.)

149 3784 275 3850 rationem,
287 3802 337 3839 cur
348 3784 515 3852 evangehum
528 3784 566 3836 sic
580 3783 680 3837 dictum
690 3783 764 3836 Petri
775 3783 887 3851 rejiciat,
900 3782 969 3836 hanc
981 3781 1081 3836 reddit:
1092 3781 1190 3851 Ἡμεῖς
1202 3787 1248 3836 καὶ
1254 3789 1366 3852 Πέτρον

149 3857 186 3904 καὶ
203 3853 266 3916 τοὺς
281 3853 383 3915 ἄλλους
400 3851 580 3912 ἀποστόλους
597 3851 800 3935 ἀποδεχόμεθα
818 3851 855 3912 ὡς
869 3849 1009 3921 Χριστόν·
1031 3849 1065 3905 τὰ
1085 3851 1116 3905 δὲ
1129 3849 1250 3925 ὀνόματι
1271 3849 1366 3906 αὐτῶν

152 3923 358 3994 ψευδεπίγραψα
370 3920 407 3982 ὥς
421 3921 553 3988 ἔμπειροι
565 3929 789 3989 παραιτουμεθα,
807 3918 1003 3990 γινώσκοντες,
1021 3917 1064 3973 ὅτι
1084 3917 1118 3974 τὰ
1135 3921 1250 3975 τοιαῦτα
1264 3918 1297 3980 οὐ
1310 3939 1365 3972 πα-

166 3988 298 4057 stridenes.
324 3989 447 4044 Clemens
458 3988 501 4042 Al.
514 3988 617 4043 Julium
630 3986 800 4052 Cassianum,
820 3987 928 4041 effatum
945 3987 1045 4041 Christi
1062 4002 1097 4041 ex
1115 3987 1252 4056 evangelio
1271 4002 1365 4040 secun·

151 4007 205 4109 Son
212 4059 355 4128 Aegyptios
369 4056 539 4126 allegantem,
553 4056 591 4110 sie
604 4054 715 4109 refutat:
728 4057 849 4128 Πρῶτον
860 4057 915 4126 μὲν
926 4057 957 4110 ἐν
969 4064 1029 4116 τοῖς
1041 4057 1285 4130 παραδεδομένοις
1297 4055 1366 4125 ἡμῖν

152 4129 291 4196 τέσσαρσιν
304 4127 475 4196 εὐαγγελίοις
488 4124 540 4180 οὐκ
553 4128 656 4194 ἔχομεν
668 4122 700 4178 τὸ
714 4123 806 4195 ῥητὸν,
819 4122 875 4178 ἀλλ’
891 4125 920 4178 ἐν
934 4125 1040 4194 111καί
1057 4129 1243 4196 Αἰγυπτίους.
1268 4123 1364 4175 Strom.

148 4199 187 4262 ΠΙ,
202 4193 241 4246 13.
265 4195 382 4264 Cyrillus
394 4195 499 4248 Hieros.
512 4192 613 4246 catech.
627 4190 673 4244 IV.
686 4197 776 4246 monet
788 4191 1005 4257 catechumenos,
1022 4197 1053 4246 ut
1064 4192 1193 4261 neglectis
1206 4190 1366 4259 apocryphis

146 4273 226 4342 yolum
238 4263 327 4332 legant
339 4263 421 4317 hbros
433 4263 467 4316 ab
479 4261 593 4314 ecclesia
604 4265 734 4328 receptos,
753 4266 780 4313 et
791 4261 919 4314 motivum
931 4259 1005 4314 addit
1016 4260 1082 4314 hoc:
1106 4261 1185 4316 noth
1198 4261 1250 4313 σοῦ
1263 4278 1365 4330 opoce-

163 4335 260 4400 ,irspor
280 4338 326 4386 καὶ
344 4331 536 4400 εὐλαβέστεροι
552 4327 623 4394 ἦσαν
642 4331 670 4382 οἱ
685 4326 841 4384 ἀπόστολοι
859 4334 905 4382 καὶ
922 4331 950 4383 οἱ
967 4327 1079 4399 ἀρχαῖοι
1097 4331 1259 4393 ἐπίσκοποι,
1278 4332 1306 4382 οἱ
1319 4330 1367 4395 τῆς

142 4378 282 4462 incinctae
293 4397 459 4470 πρόσταται,
474 4404 503 4452 οἱ
513 4399 600 4452 ταῦτα
612 4395 797 4465 παραδόντες.
821 4396 864 4452 Σὺ
877 4394 930 4451 οὖν
941 4402 1039 4452 τέκνον
1053 4398 1102 4463 τῆς
1114 4399 1257 4475 ἐκκλησίας
1269 4394 1369 4474 diresin

147 4465 333 4538 nepotiane
346 4464 557 4539 retractaretis.
583 4465 609 4518 S.
620 4467 735 4532 August.
748 4471 816 4517 cont.
827 4465 959 4518 Faustum
968 4465 1014 4517 XI.
1028 4465 1052 4517 2.
1103 4463 1154 4517 Vel
1167 4463 1200 4516 de
1212 4479 1245 4516 us
1259 4461 1365 4531 (libris),

151 4541 190 4592 hul
200 4536 366 4601 appellantur
377 4534 522 4604 apocryphi
571 4533 634 4601 quia
645 4532 719 4586 nulla
731 4532 925 4586 testificationis
937 4532 997 4587 luce
1009 4532 1146 4598 declarati,
1164 4531 1198 4585 de
1210 4532 1300 4585 nescio
1312 4547 1366 4600 quo

155 4606 253 4668 secreto,
264 4605 352 4659 nescio
365 4619 477 4672 quorum
488 4601 687 4671 praesumtione
699 4600 796 4669 prolati
808 4606 877 4654 sunt.
