3428 5180
814 303 1098 394 ,336-

916 574 922 588 .
939 522 1011 588 221.

709 522 950 721 apocalypsim
962 661 1196 722 argumentum.

429 811 527 875 Liber
541 811 592 876 hic
606 810 784 893 proemium
797 809 897 877 habet
911 830 936 877 c.
954 811 1056 892 1—3,
1070 811 1104 878 iu
1118 831 1181 894 quo
1196 811 1349 879 revelatio
1359 812 1438 878 haeo
1445 813 1515 879 Deo
1531 820 1566 878 et

344 897 365 964 J
366 915 423 961 esu
439 896 566 962 Christo
581 897 743 976 tribuitur,
764 901 798 961 et
812 916 871 977 per
884 897 1033 979 angelum
1048 898 1069 962 J
1071 898 1173 978 oanni,
1193 897 1272 963 testi
1286 897 1367 962 desu
1382 897 1511 978 Christi,
1531 898 1566 964 in
1697 911 1699 960 l

343 982 516 1064 legentium
531 988 564 1047 et
578 981 776 1047 audientium
788 981 923 1047 salutem
934 981 1020 1048 facta
1031 982 1166 1064 sistitur,
1181 989 1306 1064 septem
1318 982 1459 1050 eeclesiis
1466 983 1566 1049 Asiae
1698 1025 1699 1066 3

342 1067 473 1132 minoris
494 1066 662 1132 dedicatur
678 1085 708 1130 v.
733 1067 838 1146 1—3.;
859 1073 970 1132 narrat
991 1067 1065 1133 dein
1085 1068 1235 1148 Joaunes,
1257 1068 1428 1150 contigisse
1448 1068 1512 1134 sibi
1532 1069 1566 1134 iu

343 1151 447 1217 insula
469 1151 583 1218 Patmo
605 1151 758 1226 visionem
779 1151 1085 1233 splendidissimam,
1108 1171 1172 1235 qua
1195 1153 1341 1220 Christus
1364 1155 1393 1219 ei
1413 1154 1566 1235 apparuit

342 1237 508 1318 mandans,
529 1242 566 1301 ut
587 1237 742 1302 scriberet
763 1237 983 1317 revelationes
1004 1257 1085 1319 quas
1106 1243 1298 1320 accepturus
1320 1238 1363 1303 sit
1386 1239 1567 1318 1,4-20.;

343 1328 522 1404 sequuntur
541 1327 665 1404 septem
687 1321 841 1402 epistolae
858 1321 985 1387 Christo
1007 1323 1179 1389 mandante
1198 1324 1240 1388 ad
1259 1323 1425 1405 praesules
1440 1329 1566 1404 septem

345 1408 550 1474 ecclesiarum
565 1408 670 1486 datae,
684 1407 718 1470 in
733 1407 849 1487 quibus
863 1408 982 1488 partim
996 1407 1274 1476 illorum·virtutes
1288 1408 1469 1489 laudantur,
1492 1427 1567 1492 par·

307 1500 313 1516 '
343 1494 402 1558 tim
417 1491 561 1558 defectus
577 1510 687 1558 severe
702 1498 881 1574 arguuntur
896 1511 921 1558 c.
936 1492 966 1556 2.
982 1493 1011 1557 3.

431 1578 615 1660 Sequuntur
625 1577 692 1658 jam
707 1577 797 1658 ipsae
812 1584 983 1643 eventuum
997 1577 1217 1644 revelationes.
1260 1578 1382 1644 Auctor
1396 1577 1519 1644 visione
1533 1579 1567 1642 in

345 1663 468 1730 coelum
483 1663 637 1743 abreptus
652 1663 806 1744 conspicit
819 1662 1084 1744 gloriosissimum
1095 1663 1157 1728 Dei
1171 1664 1333 1742 thronum;
1348 1663 1467 1729 librum
1477 1663 1566 1728 videt

344 1755 469 1830 septem
490 1747 602 1830 sigillis
624 1747 789 1828 munitum,
812 1766 895 1829 quae
916 1767 1008 1813 nemo
1031 1748 1157 1828 aperire
1176 1752 1285 1830 potest
1303 1753 1433 1830 praeter
1447 1767 1562 1830 agnum

344 1841 483 1984 starrfitem
503 1832 659 1984 1114111111ὲο
680 1833 802 1912 throni,
824 1832 911 1914 quod
925 1832 979 1898 ille
993 1833 1079 1900 inter
1091 1833 1204 1900 laudes
1219 1839 1253 1900 et
1266 1834 1399 1915 hymnos
1414 1834 1560 1902 coelitum

367 1937 385 1986 e
426 1919 478 1998 cit,
494 1937 519 1984 c.
558 1923 613 1983 .et
650 1968 656 1982 .

343 1939 365 2002 p
429 2006 551 2085 Aperto
566 2002 670 2084 sigillo
684 2002 787 2083 primo
800 2001 896 2067 beros
916 2003 1024 2084 prodit
1043 2003 1220 2085 insignibus
1240 2003 1393 2068 victoriae
1415 2009 1563 2082 ornatus;

343 2094 457 2172 aperto
467 2089 569 2154 altero
581 2107 644 2169 pax
655 2088 695 2153 de
705 2092 793 2153 terra
803 2085 960 2168 autentum
975 2093 1088 2169 aperto
1099 2089 1195 2154 tertio
1206 2087 1315 2168 tames,
1331 2087 1436 2155 soluto
1449 2093 1564 2170 quarto

344 2195 431 2241 mors
445 2174 478 2239 in
492 2178 612 2239 terram
626 2173 726 2252 venit3
746 2177 870 2238 remoto
885 2173 996 2253 quinto
1012 2192 1176 2239 servorum
1190 2173 1252 2239 Dei
1265 2174 1448 2255 persecutio
1464 2173 1565 2239 exori-

345 2267 412 2339 tur3
432 2263 521 2325 sexto
536 2263 649 2339 aperto
664 2257 712 2322 sol
727 2262 759 2323 et
773 2257 849 2322 luna
864 2258 1055 2324 obscuratur
1070 2264 1103 2323 et
1117 2258 1229 2324 stellae
1244 2258 1408 2338 decidunt3
1427 2264 1504 2324 ante
1518 2259 1565 2322 ul·

345 2346 459 2410 timum
473 2343 613 2408 solutum
628 2343 766 2409 cultores
781 2342 842 2408 Dei
864 2343 1042 2424 seliguntur
1065 2348 1097 2409 et
1119 2344 1210 2426 signo
1225 2344 1286 2410 Dei
1308 2344 1484 2425 signantur.
1528 2345 1564 2408 Iu

346 2430 433 2497 coelo
448 2429 510 2494 Dei
523 2429 635 2494 laudes
650 2432 808 2492 canuntur
822 2447 847 2492 c.
863 2428 892 2491 6.
908 2433 941 2492 et
958 2427 985 2492 7.

432 2513 541 2596 Sigillo
558 2513 693 2594 septimo
708 2517 852 2578 reserato
868 2513 1028 2578 silentium
1044 2513 1147 2578 oritur
1160 2513 1192 2577 in
1208 2513 1304 2593 coelo,
1320 2519 1444 2594 septem
1458 2513 1564 2594 angeli

346 2604 471 2682 septem
491 2598 587 2662 tubas
607 2597 763 2685 habentes
784 2599 951 2678 prodeunt.
996 2597 1137 2664 Canente
1158 2599 1261 2680 primo
1283 2598 1406 2680 grando
1428 2603 1458 2664 et
1477 2598 1560 2679 ignis

347 2683 508 2750 delabitur
523 2689 556 2748 et
570 2683 668 2749 tertia
681 2687 787 2748 terrae
802 2701 878 2763 pars
894 2682 1099 2748 comburitur.
1135 2684 1246 2750 Altero
1262 2693 1394 2748 canente
1409 2701 1496 2747 mons
1510 2701 1559 2748 ar-

347 2770 426 2836 dens
448 2769 480 2834 in
502 2783 590 2834 mare
612 2768 707 2846 cadit,
730 2772 764 2832 et
784 2768 882 2832 tertia
901 2787 977 2849 pars
994 2786 1151 2848 aquarum
1165 2769 1198 2832 in
1213 2769 1399 2850 sanguinem
1413 2774 1564 2832 mutatur.

347 2855 456 2921 Tertio
478 2858 610 2921 canente
632 2852 726 2919 stella
747 2871 862 2934 magna
884 2852 1016 2934 delapsa
1038 2854 1167 2920 tertiam
1192 2857 1318 2934 partem
1342 2851 1510 2918 fluminum
1535 2861 1567 2918 et

345 2939 480 3006 fontium
502 2957 644 3006 amaram
663 2937 787 3018 reddit,
810 2937 1018 3019 hominesque
1037 2938 1112 3004 inde
1135 2938 1281 3013 bibentes
1302 2942 1448 3020 pereunt.
1482 2939 1566 3002 Dum
1697 2983 1698 3008 ,

346 3030 482 3108 quartus
496 3023 629 3106 angelus
644 3023 723 3088 tuba
737 3022 836 3103 canit,
858 3023 956 3088 tertia
969 3041 1045 3103 pars
1060 3023 1153 3103 solis,
1173 3023 1269 3089 lunae
1283 3027 1316 3088 et
1331 3023 1498 3088 stellarum
1513 3023 1568 3089 ob

347 3116 504 3190 scuratur,
527 3113 560 3174 et
573 3108 682 3190 aquila
696 3107 806 3172 volans
820 3127 879 3188 per
892 3108 1033 3173 medium
1048 3108 1127 3174 coeli
1137 3108 1206 3174 Vae
1221 3108 1392 3174 annunciat
1405 3109 1568 3174 habitato·

345 3197 435 3261 ribus
450 3201 565 3274 terrae,
582 3213 620 3260 ex
634 3212 712 3258 voce
726 3192 922 3275 sedquarum
938 3194 1088 3258 tubarum
1104 3193 1269 3260 oriturum.
1298 3191 1474 3274 Olangente
1488 3194 1568 3260 tuba

346 3281 459 3362 quinta
474 3277 568 3345 stella
582 3279 623 3345 de
638 3276 726 3344 coelo
740 3278 831 3358 lapsa
845 3279 997 3360 abyssum
1012 3278 1125 3360 aperit,
1147 3279 1233 3344 unde
1248 3297 1320 3344 cum
1333 3277 1420 3343 bimo
1435 3279 1568 3345 horrida
1697 3329 1698 3344 ,

345 3365 455 3448 prodit
475 3365 672 3429 locustarum
694 3368 814 3443 turma,
837 3363 888 3428 cui
910 3364 1096 3428 mandatum
1118 3369 1169 3429 est
1189 3364 1317 3430 laedere
1338 3363 1417 3428 nihil
1437 3371 1570 3446 praeter

345 3451 489 3517 homines
504 3450 594 3531 signo
610 3448 671 3514 Dei
686 3467 749 3514 non
764 3449 916 3529 signatos.
946 3449 1085 3514 Sonante
1100 3449 1178 3513 tuba
1193 3453 1284 3514 sexta
1298 3454 1437 3530 quatuor
1452 3450 1567 3532 angeli,

346 3537 388 3602 ad
402 3535 602 3616 Euphratem
624 3533 756 3615 alligati,
778 3533 875 3598 soluti
896 3534 1026 3600 tertiam
1047 3540 1172 3615 partem
1194 3534 1356 3600 hominum
1374 3533 1481 3616 plagis
1496 3554 1569 3617 per-

346 3622 427 3686 dunt
442 3611 586 3698 diversis
602 3619 679 3700 quin
693 3618 809 3699 rehqui
822 3619 1052 3701 poenitentiam
1066 3624 1172 3702 agant.
1216 3619 1359 3702 Ingentis
1373 3620 1569 3702 magnitudi-

347 3706 396 3770 nis
412 3705 543 3787 angelus
558 3703 730 3786 praedicit,
755 3703 831 3785 quid
847 3709 1035 3769 eventurum
1050 3704 1093 3769 sit
1107 3705 1149 3769 ad
1163 3723 1274 3770 vocem
1288 3704 1387 3769 tubae
1402 3705 1568 3786 septimae.

347 3791 464 3855 Joanni
485 3788 625 3854 traditur
643 3788 740 3870 liber,
762 3796 800 3853 ut
820 3808 893 3853 eum
908 3789 1055 3870 devoret,
1080 3794 1113 3855 et
1123 3789 1257 3870 jubetur
1269 3789 1456 3870 prophetias
1472 3791 1569 3855 edere
1696 3793 1697 3822 ³

347 3879 446 3956 atque
460 3872 614 3955 templum
629 3877 662 3939 et
676 3873 778 3939 altare
793 3874 908 3938 metiri.
951 3874 1097 3940 Duorum
1117 3879 1295 3956 martyrum
1309 3893 1395 3940 mors
1409 3874 1569 3956 praedici·
1696 3929 1697 3942 ³

346 3959 454 4024 turin
476 3959 615 4037 civitate,
638 3977 720 4039 quae
742 3959 952 4040 spirituahter
973 3965 1106 4024 vocatur
1126 3960 1265 4026 Sodoma
1288 3965 1320 4025 et
1334 3959 1513 4041 Aegyptus,
1534 3960 1568 4025 in

347 4063 411 4127 qua
426 4051 459 4110 et
473 4044 628 4109 Dominus
644 4042 810 4108 crucifixus
825 4050 891 4123 est,
913 4048 947 4109 et
961 4051 1116 4110 eventura
1129 4064 1188 4126 per
1202 4045 1336 4125 bellum,
1359 4045 1446 4125 quod
1462 4043 1569 4111 bestia

348 4150 387 4196 ex
407 4131 523 4211 abysso
547 4147 676 4210 egressa
699 4133 809 4194 contra
829 4129 901 4194 illos
927 4129 1104 4194 excitatura
1130 4131 1180 4195 sit.
1225 4129 1295 4194 Hoc
1321 4129 1433 4195 effecto
1460 4135 1568 4196 terrae

346 4223 436 4280 motu
452 4213 589 4281 concidit
604 4214 728 4279 decima
741 4233 818 4294 pars
833 4214 930 4295 urbis,
947 4220 979 4279 et
994 4218 1118 4296 septem
1131 4214 1231 4281 millia
1245 4215 1406 4280 hominum
1421 4219 1567 4296 percunt.

347 4301 398 4364 Ad
423 4301 521 4367 tubae
544 4300 674 4364 tandem
699 4298 854 4380 septimae
878 4318 989 4364 vocem
1015 4299 1144 4366 coehtes
1166 4300 1413 4381 triumphahbus
1435 4300 1568 4366 vocibus

348 4387 452 4451 Deum
468 4390 501 4451 et
517 4384 679 4450 Christum
694 4385 764 4466 ejus
777 4384 911 4449 laudant
926 4403 950 4449 o.
967 4385 1080 4448 8—11.
1431 4445 1435 4452 .

431 4469 634 4535 Describitur
647 4469 765 4534 mulier
775 4469 891 4534 amicta
906 4469 981 4549 solo,
1001 4469 1109 4535 lunam
1124 4469 1183 4534 sub
1198 4470 1335 4551 pedibus
1350 4470 1473 4536 habens
1489 4475 1521 4536 et
1534 4469 1569 4534 in

349 4557 454 4638 capite
469 4573 625 4621 coronam.
670 4554 760 4618 Hanc
775 4573 909 4636 magnus
923 4555 1035 4634 draco,
1058 4559 1182 4636 septem
1197 4554 1303 4636 capita
1318 4574 1389 4621 cum
1404 4556 1568 4621 diadema·
