3356 5176
887 315 1089 379 ‚74-

345 483 465 550 dictum
490 502 612 550 comma
635 486 813 552 Joanneum
835 485 873 566 (I.
889 486 939 551 Jo.
954 487 983 566 5,
1008 487 1067 569 7.):
1092 487 1126 550 id
1152 487 1329 553 sententiae
1352 499 1482 566 nostrae
1505 509 1562 554 non

344 568 452 647 obest;
475 589 548 634 narn
570 571 711 638 locorum
731 572 859 636 illorum
873 572 1040 637 authentia
1058 573 1230 638 innumeris
1245 572 1382 639 testibus
1397 574 1468 641 aliis
1484 593 1562 640 com·

244 715 248 721 .
345 653 516 736 probatur,
547 665 581 720 et
604 655 728 723 facilius
755 677 864 723 eorum
893 659 925 722 in
951 663 1041 724 textu
1067 662 1103 721 ut
1126 659 1159 724 in
1186 658 1325 724 homiliis
1347 661 1562 726 nonnullorum

344 740 477 890 Pattrutm
505 748 630 810 mature
659 743 864 823 amissorum,
894 761 990 824 quam
1020 743 1123 810 serius
1151 744 1334 809 additarum
1362 745 1446 812 ratio
1476 747 1563 812 reddi

344 844 385 906 po
402 845 436 892 es
454 877 460 890 .

428 919 485 996 ββ)
503 912 609 978 Codex
625 933 753 996 quoque
764 915 935 980 Sinaiticus
950 915 1104 982 versionis
1119 921 1249 980 nostrae
1260 915 1353 998 Vulg.
1369 920 1564 982 contestatur

241 1019 244 1024 ·
262 998 264 1008 ’
342 999 581 1078 praestantiam,
598 1019 680 1080 quae
696 1019 733 1065 eo
750 999 866 1066 clarius
882 1000 1041 1080 elucescit,
1057 1019 1120 1083 quo
1135 1000 1229 1082 plura
1243 1000 1446 1082 antiquitatis
1457 1021 1563 1070 mouu-

342 1087 449 1147 menta
464 1084 659 1165 deteguntur
673 1093 706 1152 et
721 1086 901 1151 accuratius
916 1087 1170 1167 perlustrantur,
1194 1091 1228 1152 et
1243 1105 1325 1167 quae
1340 1087 1381 1152 ab
1396 1088 1476 1168 ipsis
1491 1088 1563 1152 viris

342 1168 476 1232 eruditis
491 1188 511 1234 a
525 1167 589 1235 fide
604 1175 714 1235 nostra
728 1172 840 1236 alienis
855 1172 1046 1254 agnoscitur.
1077 1172 1224 1253 Denique

427 1254 478 1338 yy)
503 1255 628 1320 silentio
650 1275 712 1322 non
738 1262 788 1322 est
812 1258 1146 1338 praetermittendum,
1172 1258 1204 1322 in
1231 1257 1366 1339 epistola
1388 1258 1563 1337 Barnabae,

343 1356 425 1418 quae
441 1341 596 1406 anemine
611 1360 693 1407 anno
707 1342 776 1407 1⁶20.
792 1361 856 1407 aar.
868 1342 951 1425 vulg.
964 1343 1122 1409 recentior
1136 1343 1281 1422 habetur,
1298 1349 1330 1408 et
1344 1363 1428 1409 nunc
1441 1344 1564 1426 integra

341 1424 374 1487 in
389 1428 479 1489 textu
494 1425 640 1507 originali
654 1432 729 1493 ante
745 1428 852 1493 oculos
867 1429 973 1509 posita
989 1434 1052 1509 est,
1076 1430 1239 1510 egregium
1257 1429 1418 1510 perhiberi
1433 1429 1563 1494 authen-

341 1508 407 1574 tiae
422 1511 578 1592 evangelii
593 1513 750 1579 Matthaei
763 1514 996 1594 testimonium;
1019 1534 1093 1580 nam
1114 1516 1157 1579 ad
1179 1513 1274 1580 finem
1291 1515 1525 1580 adhortationis
1540 1534 1562 1581 e.

341 1595 394 1659 IV.
410 1595 543 1677 legitur:
569 1623 697 1686 paparone
718 1625 764 1678 ως
784 1622 965 1686 γεγραπται
984 1601 1100 1668 πολλοι
1120 1601 1229 1687 νλητοι
1249 1601 1350 1684 ολιγοι
1373 1601 1409 1666 ds
1428 1601 1563 1666 soma

340 1687 548 1770 supplicaras,-
561 1683 698 1749 formula
714 1682 759 1764 ὡς
773 1685 953 1769 γέγραπται
969 1704 1106 1766 sequens
1118 1686 1276 1751 sententia
1287 1685 1408 1767 scripta
1419 1686 1562 1768 designa·

340 1771 402 1845 tur,
418 1767 566 1831 nimirum
582 1769 638 1832 Mt.
655 1770 705 1848 20,
723 1771 771 1835 16.
788 1777 820 1836 et
835 1771 886 1848 22,
904 1771 962 1850 14.,
979 1778 1012 1836 et
1026 1771 1159 1852 proinde
1173 1790 1282 1837 voces:
1299 1772 1401 1852 „sz‘cut
1416 1773 1562 1855 arreptam

339 1851 405 1914 εει(
418 1852 449 1915 in
466 1858 555 1918 textu
569 1853 667 1919 latino
683 1875 761 1937 non,
784 1861 821 1921 ut
842 1857 962 1937 passim
985 1857 1189 1922 clamitarunt
1207 1856 1377 1937 increduli,
1402 1875 1562 1924 aversore

337 1937 468 2002 additae
483 1943 648 2023 apparent.
661 1943 670 1983 ¹

901 2076 928 2157 s.
952 2077 1003 2142 51.

656 2212 689 2278 b)
708 2212 841 2264 codices
852 2213 958 2264 literis
971 2213 1110 2265 cursivis
1123 2214 1246 2276 scripti.

424 2366 510 2431 Dum
523 2367 638 2432 homm
653 2367 922 2432 enumerationem
937 2385 976 2433 ac
990 2367 1235 2449 descriptionem
1249 2369 1424 2450 majoribus
1440 2368 1560 2434 critico·

339 2469 410 2515 rum
426 2453 576 2533 operibus
592 2453 824 2533 relinquimus?
838 2471 958 2534 paucos
970 2452 1071 2518 solum
1081 2470 1376 2534 commemoramus,
1392 2455 1559 2536 etquidem

338 2554 402 2617 eos,
418 2555 554 2618 quorum
569 2539 602 2603 iu
616 2539 824 2619 sequentibus
838 2538 958 2603 mentio
973 2537 1037 2603 fiet.

426 2622 499 2688 Ood
514 2627 559 2706 1„
580 2624 775 2690 Basileensis
788 2625 825 2688 B.
842 2625 895 2688 VI.
911 2625 978 2704 27„
1001 2629 1105 2689 totum
1119 2623 1158 2688 N.
1174 2623 1209 2688 T.
1233 2629 1367 2706 excepta
1381 2624 1562 2707 apocalypsi

338 2708 487 2775 continet.
537 2710 567 2774 A
591 2710 728 2792 ligatore
754 2709 918 2792 evangelia
941 2710 1050 2791 inepte
1074 2715 1149 2790 post
1171 2714 1246 2775 acta
1266 2711 1326 2790 Ap.
1353 2715 1386 2776 et
1412 2710 1561 2792 epistolas

337 2794 445 2875 posita
459 2800 542 2862 sunt.
585 2795 760 2880 Evangelio
775 2797 796 2861 J
798 2796 908 2862 oannis
923 2795 1101 2877 praemissa
1123 2799 1173 2860 est
1187 2796 1330 2876 pictura,
1353 2815 1437 2877 quae
1450 2795 1562 2862 Lazari

406 3019 415 3049 ¹
434 3014 469 3069 Of
484 3057 489 3068 .
504 3015 581 3081 „Der
592 3016 752 3081 Kathohk“‚
774 3015 930 3069 Zeitschrift
947 3014 992 3068 idr
1009 3013 1109 3067 kathol.
1123 3013 1323 3068 Wissenschaft
1335 3013 1390 3067 und
1401 3014 1560 3068 lrirchliches
1657 2991 1658 2996 ἵ

335 3082 435 3137 Leben.
460 3083 536 3138 Neue
548 3085 631 3153 Folge
643 3084 745 3138 fiinfter
756 3084 774 3138 J
775 3085 849 3152 ahrg.
862 3083 948 3152 April.
968 3082 994 3136 S.
1008 3082 1154 3136 414-430.

404 3152 584 3206 Tischendori
593 3169 641 3220 pro
654 3169 693 3218 ea,
707 3169 759 3220 qua
770 3153 870 3220 gaudet
881 3151 962 3205 animi
975 3151 1074 3218 pietate
1086 3150 1167 3204 etiam
1177 3151 1224 3204 Pio
1233 3151 1280 3204 IX.
1292 3151 1431 3219 exemplar
1442 3149 1561 3204 editionis

337 3233 401 3272 suae
422 3221 630 3288 pretiosissimae
648 3222 716 3275 dono
734 3221 814 3286 misit,
836 3227 863 3274 et
881 3219 997 3274 omnium
1017 3217 1137 3272 fidelium
1155 3219 1242 3272 bisin
1260 3219 1340 3272 terris
1352 3219 1449 3273 Pastor
1466 3219 1561 3288 gratias

336 3302 417 3359 agens
432 3295 459 3344 et
470 3289 611 3361 gratulans
623 3290 648 3344 ei
664 3289 757 3344 literas
769 3287 1051 3342 honorificentissimas
1064 3287 1140 3340 misit
1152 3289 1325 3355 sequentibus
1338 3288 1454 3356 scriptas
1465 3286 1560 3342 verbis:
1656 3315 1657 3360 1

849 3374 913 3427 Pius
925 3373 956 3426 P.
970 3373 999 3425 P.
1012 3372 1059 3425 IX.

404 3440 1473 3583 ‚‚arlttttlhtltthtletthbtt.t¹att¹¹s.ll’t⁰tttttlt
1482 3455 1561 3576 itt

405 3582 582 3650 „ambigimus
600 3580 663 3650 quin
681 3580 897 3648 investigationes
915 3585 942 3632 et
960 3578 1158 3632 lucubrationes
1171 3578 1246 3631 Tuae
1262 3578 1326 3632 viris
1340 3578 1425 3631 doctis
1442 3578 1513 3632 inter
1523 3591 1561 3630 ca-

405 3649 534 3714 „tholicos
546 3666 642 3719 magno
654 3649 761 3704 futurae
774 3648 828 3702 sint
839 3648 1025 3712 emolumento,
1039 3663 1100 3700 cum
1113 3662 1250 3700 sacrarum
1263 3646 1436 3700 scientiarum
1446 3646 1561 3716 supellex

405 3718 496 3782 „novis
508 3718 642 3774 thesauris
654 3719 776 3772 ditescat.
802 3717 976 3770 Gratulamur
988 3715 1076 3780 etiam,
1093 3714 1163 3783 quod
1182 3715 1332 3768 celebritati
1343 3715 1392 3780 illi,
1410 3730 1463 3783 qua
1474 3714 1562 3768 merito

404 3785 532 3852 „frueris,
550 3803 634 3840 novus
646 3786 734 3840 adhuc
748 3785 842 3839 titulus
854 3785 978 3850 accedat;
999 3785 1159 3851 praesertim
1171 3799 1232 3836 eum
1245 3799 1277 3836 ea
1289 3783 1370 3836 animi
1382 3783 1515 3851 probitate
1529 3781 1562 3834 sis

405 3855 559 3923 „praeditus
571 3861 602 3908 ut
614 3855 647 3908 ab
659 3855 692 3908 iis
704 3854 876 3908 vehementer
888 3853 1041 3915 abhorreas,
1055 3851 1107 3931 qui,
1120 3857 1200 3919 prout
1211 3857 1285 3905 recte
1294 3852 1494 3918 animadvertis,
1507 3866 1561 3904 con-

404 3929 548 3988 „temtores
561 3939 713 3987 sacrorum,
734 3921 798 3976 fidei
809 3921 980 3989 naufragium
992 3919 1181 3988 religionisque
1193 3920 1299 3974 minam
1311 3920 1489 3974 conclamant.
1512 3919 1562 3973 Nos

405 3992 501 4060 „plane
519 3990 677 4045 confidimus
695 3991 752 4062 fore
770 3998 800 4044 ut
812 3990 887 4044 Deus
907 4005 960 4043 non
979 3989 1050 4042 sinat
1065 3988 1239 4041 deterrimum
1256 3989 1308 4042 hoc
1326 3988 1474 4056 impietatis
1491 3987 1561 4042 etin·

405 4060 589 4126 „credulitatis
602 4065 750 4112 monstrum
764 4059 908 4126 inEuropa
920 4057 1021 4110 diutius
1033 4056 1159 4125 grassari,
1173 4062 1200 4109 et
1205 4056 1261 4110 Nos
1272 4056 1387 4110 maxime
1398 4072 1431 4110 ea
1444 4054 1561 4126 cogitatio

404 4129 531 4196 „solatur,
550 4127 620 4196 quod
632 4127 761 4180 nobiliora
773 4126 879 4194 ingenia
892 4132 919 4179 et
931 4125 1063 4179 doctiores
1075 4123 1133 4177 Viri
1146 4124 1291 4179 cu'uslibet
1302 4124 1439 4193 religionis
1452 4122 1561 4179 nefarios

404 4198 562 4266 ‚impiorum
574 4200 685 4250 conatus
695 4195 870 4248 detestentur.
892 4194 1003 4248 Interim
1014 4193 1077 4247 dum
1083 4192 1151 4257 Tibi,
1186 4193 1344 4258 lustrisVir,
1354 4194 1560 4247 aestimationem

403 4266 547 4333 „Nostram
559 4262 723 4332 profitemur,
745 4264 832 4316 Deum
845 4263 905 4330 Opi.
919 4263 991 4315 Max.
1005 4261 1183 4329 adprecamur
1195 4267 1225 4314 ut
1237 4262 1276 4315 Te
1287 4261 1434 4316 Nobiscum
1446 4261 1560 4330 perlecta

403 4335 551 4400 „charitate
564 4332 716 4400 conjungat.
742 4332 842 4384 Datum
854 4331 954 4384 Rornae
967 4330 1039 4399 apud
1052 4329 1078 4383 S.
1090 4330 1200 4383 Petrum
1213 4330 1238 4383 d.
1248 4330 1289 4384 31.
1299 4331 1363 4383 Mai.
1378 4331 1453 4384 1862.
1478 4326 1559 4383 Ponti-

404 4403 517 4469 „ficatus
530 4401 623 4455 Nostri
636 4401 714 4452 Anno
726 4398 798 4452 XVI.

1126 4467 1190 4520 Pius
1203 4467 1233 4520 P.
1246 4467 1276 4520 P.
1290 4467 1337 4520 lX.
1350 4468 1414 4535 mlp.

405 4544 415 4574 ²
433 4538 487 4592 Otr.
501 4535 664 4592 Griesbaeh:
679 4536 697 4590 S
717 4534 821 4590 mbolae
833 4534 942 4588 criticae
954 4535 1174 4602 spernendae
1187 4535 1262 4589 1785.
1278 4536 1365 4603 1793„
1383 4535 1479 4590 Schola
1490 4531 1522 4588 N.
1533 4529 1560 4584 Τ.

337 4608 482 4679 prolegom.
495 4608 516 4663 I.
529 4623 556 4675 p.
568 4605 646 4659 XXX
714 4646 719 4658 .
734 4620 805 4673 seqq.
818 4605 852 4657 H.
866 4622 892 4672 p.
905 4604 954 4659 III.
968 4619 1039 4672 seqq.
