3314 5166
612 285 877 349 „77-

131 477 254 519 monem
267 456 361 522 dicit:
377 457 464 538 quod
479 461 602 521 textum
614 456 800 539 originalem
815 457 1000 522 adverbum
1015 457 1140 537 reddat,
1156 462 1189 522 et
1202 457 1359 523 nihilomi-

130 559 191 604 nus
215 559 342 606 sensum
364 543 449 608 clare
472 543 642 622 exprimat,
672 541 768 608 fidem
790 561 866 624 crgo
889 561 961 607 cum
983 543 1212 624 perspicuitate
1237 543 1358 607 uniat¹

129 625 174 689 Et
189 645 302 692 revera
316 634 429 693 auctor
442 628 597 693 versionis
612 628 714 693 Italae
728 628 856 710 ignotus
871 647 932 692 non
948 628 990 692 ad
1005 629 1103 693 alium
1121 629 1274 694 tendebat
1289 647 1359 693 sco-

130 729 226 792 pum,
251 713 312 777 nisi
337 719 372 778 ut
395 718 517 778 textum
539 733 690 796 graecum
713 719 863 778 accurate
884 719 1159 794 repraesentaret3
1186 733 1302 795 quare,
1326 714 1359 777 in

130 803 288 878 quantum
302 799 516 880 perspicuitas
539 800 683 879 admisit,
706 819 768 864 nou
791 805 915 863 tantum
931 817 1025 864 voces
1041 804 1074 864 et
1088 818 1200 865 vocum
1216 800 1359 866 ordinem

128 890 281 949 accurate
297 885 468 966 expressit,
492 885 550 950 sed
572 885 669 950 etiam
687 885 793 949 nullus
809 885 983 965 dubitavit,
1009 885 1085 966 quin
1106 886 1359 951 constructiones

127 969 303 1050 anomalas,
316 971 536 1051 expressiones
548 970 709 1036 obsoletas
721 977 778 1035 aut
789 989 827 1035 ex
838 989 899 1034 usu
910 970 1060 1051 loquendi
1071 971 1219 1052 populari
1233 971 1360 1050 desum-

126 1063 178 1118 tas
197 1062 231 1120 et
251 1056 385 1136 phrases
408 1056 618 1137 scriptoribus
633 1056 774 1122 classicis
788 1056 977 1138 inusitatas,
999 1075 1082 1122 nova
1104 1056 1259 1122 vocabula
1275 1069 1359 1121 com:

130 1141 242 1220 posita
257 1141 368 1207 etalio
383 1142 558 1207 adhiberet.

216 1227 276 1290 Ast
289 1247 352 1292 non
370 1228 518 1310 obstante
534 1246 656 1293 summo
671 1228 731 1292 hoc
746 1227 852 1293 studio
868 1232 980 1293 auctor
999 1227 1122 1308 primae
1136 1227 1358 1292 translationis
1431 1241 1434 1246 ·

126 1311 249 1376 latinae
274 1313 413 1377 omnium
434 1314 517 1378 votis
542 1314 630 1377 haud
652 1311 822 1393 satisfecit;
850 1313 967 1399 etenim
992 1314 1096 1378 versio
1120 1313 1360 1379 accuratissime

128 1396 274 1462 confecta
290 1403 413 1462 textum
428 1399 613 1480 originalem
627 1399 679 1464 vix
693 1418 834 1480 unquam
853 1399 947 1480 plene
967 1400 1156 1464 exhaustum
1171 1417 1358 1480 repraesen-

128 1490 202 1547 tare
217 1482 317 1563 valet,
340 1484 513 1565 praecipue
532 1485 559 1549 si
579 1485 687 1567 lingua
701 1485 856 1550 versionis
871 1485 944 1549 libri
964 1490 1151 1566 argumento
1166 1486 1260 1567 plane
1275 1503 1356 1549 novo

128 1574 177 1634 est
194 1569 387 1649 adaptanda.
418 1570 525 1647 Quare
535 1571 590 1652 qui
604 1571 732 1653 linguae
743 1589 877 1653 graecae
889 1577 923 1636 et
937 1571 1055 1636 latinae
1070 1571 1240 1651 peritiores
1257 1575 1358 1650 erant,

128 1661 281 1719 accurato
297 1655 439 1720 examine
454 1656 601 1722 instituto
622 1657 825 1736 invenerunt,
848 1657 881 1720 in
901 1657 961 1722 hac
985 1656 1194 1721 translatione
1216 1656 1357 1737 singulas

129 1759 225 1805 voces
239 1745 347 1805 textus
362 1741 525 1823 originalis
547 1762 609 1808 non
624 1742 743 1823 ubique
765 1742 906 1807 locorum
928 1743 970 1805 ad
989 1742 1141 1806 amussim
1165 1759 1236 1806 esse
1251 1742 1357 1806 reddi-

129 1832 195 1906 tae,
220 1831 277 1889 aut
293 1828 513 1908 expressiones
531 1828 619 1909 justo
642 1828 787 1892 dumores
802 1828 946 1892 minusve
966 1827 1068 1891 claras
1084 1827 1262 1906 adhibitam
1288 1826 1361 1890 hinc

131 1911 386 1978 emendationem
401 1911 470 1978 fieri
485 1932 547 1979 non
562 1919 687 1978 tantum
701 1932 810 1994 posse,
833 1914 891 1978 sed
906 1913 1003 1977 etiam
1019 1913 1136 1977 debere
1152 1912 1213 1977 sibi
1228 1930 1360 1994 persua-

133 2003 254 2062 serimt.

218 2083 289 2148 Hac
317 2083 524 2163 persuasione
555 2084 652 2148 semel
682 2084 777 2149 enata
805 2083 914 2164 plures
944 2083 1173 2148 emendationis
1199 2083 1361 2165 negotium

134 2167 297 2250 suscipere
318 2174 499 2250 coeperunt.
545 2169 597 2234 Sic
612 2188 640 2233 v.
656 2190 685 2252 g.
702 2169 744 2234 ad
759 2169 895 2251 Philipp.
911 2170 940 2250 2,
960 2171 988 2234 6.
1005 2169 1119 2234 verba:
1141 2171 1224 2253 „qai
1239 2193 1307 2232 eom
1327 2170 1361 2231 ab

126 2255 241 2340 formo
255 2254 324 2318 Deo'
336 2255 432 2318 essel“
448 2254 663 2320 Tertullianus
679 2255 859 2320 emendavit
874 2257 921 2320 in:
944 2257 1026 2340 „qai
1037 2258 1068 2316 z'o
1085 2255 1201 2340 forma
1215 2254 1283 2317 Da·
1294 2276 1362 2318 coa-

130 2339 280 2404 caciared‘
286 2365 298 2422 ,·
313 2359 341 2404 v.
355 2339 400 2404 7.:
415 2355 530 2421 „semet
545 2344 649 2426 pisum
664 2340 862 2405 carboiacba't“
877 2341 963 2406 idem
974 2341 1111 2407 correxit
1125 2340 1174 2404 in:
1189 2363 1243 2421 „se
1258 2341 1361 2424 bocum

132 2426 316 2508 calama&
342 2425 558 2491 Tertullianus
581 2431 614 2491 et
635 2447 659 2492 s.
684 2426 862 2508 Cyprianus
877 2427 927 2493 Jo.
945 2427 978 2507 1,
1003 2427 1030 2507 1.
1054 2445 1164 2492 vocem
1186 2426 1280 2511 λόγος
1303 2444 1362 2506 per

130 2510 353 2592 „Sarmonem“
378 2512 513 2577 reddere
543 2513 645 2578 satius
670 2514 843 2593 duxerunt,
874 2532 970 2594 quam
996 2530 1054 2594 per
1078 2510 1278 2594 „Verbam“,·
1308 2510 1362 2576 alii

132 2597 154 2660 Ι.
172 2595 244 2662 Gor.
261 2597 290 2677 9,
304 2596 356 2660 27.
372 2617 430 2678 pro
451 2599 605 2679 „tabidum
619 2599 755 2684 facist,
778 2618 841 2680 quo
862 2599 995 2663 verbum
1016 2595 1196 2678 encardia>
1212 2602 1362 2662 accurate

133 2682 295 2762 redditur,
322 2690 498 2763 posuerunt
520 2685 691 2769 „castigat
735 2683 902 2765 Ejusmodi
922 2685 990 2765 J'am
1015 2683 1208 2748 mutationes
1231 2702 1248 2747 e
1271 2689 1362 2748 textu

134 2767 280 2849 originali
295 2787 315 2831 a
330 2768 476 2848 pluribus
492 2777 661 2850 susceptae
674 2776 705 2834 et
718 2789 776 2851 per
790 2770 915 2852 longius
929 2775 1057 2850 tempus
1074 2769 1277 2832 continuatae
1292 2788 1362 2834 ver-

134 2854 214 2919 sioni
230 2853 326 2916 aliam
342 2859 375 2918 et
390 2854 549 2919 diversam
564 2855 796 2934 impresserunt
809 2854 959 2933 formam;
973 2873 1056 2935 ,nam
1071 2854 1111 2917 ab
1126 2853 1215 2917 initio
1230 2854 1263 2917 in
1277 2873 1362 2918 mar-

133 2939 205 3020 gine
222 2939 367 3003 codicum
383 2940 634 3019 adnotabantur,
658 2959 678 3003 a
699 2940 840 3003 librariis
860 2945 967 3004 antem
981 2959 1053 3003 mox
1067 2939 1131 3018 ipsi
1145 2939 1247 3002 textui
1261 2938 1360 3003 latino

133 3024 365 3089 inserebantur.
410 3024 584 3090 Praeterea
609 3025 642 3089 in
665 3025 774 3089 Africa
800 3030 832 3090 et
856 3025 967 3105 procul
993 3024 1089 3089 dubio
1115 3022 1148 3086 in
1170 3022 1240 3087 aliis
1263 3024 1360 3089 etiam

134 3110 334 3192 regionibuS,
355 3110 410 3174 ubi
425 3110 533 3192 lingua
547 3111 646 3175 latina
662 3117 732 3176 erat
747 3109 929 3190 vernacula,
953 3118 990 3174 ut
1004 3110 1036 3174 in
1050 3109 1222 3190 Hispania,
1246 3108 1360 3190 Gallia,

134 3203 223 3260 ortae
239 3203 314 3260 sunt
328 3197 490 3262 versiones
512 3197 670 3277 privatae,
693 3197 726 3261 in
748 3197 864 3278 quibus
879 3195 962 3260 Itala
980 3197 1073 3278 juxta
1088 3194 1213 3259 codices
1228 3213 1360 3276 graecos

134 3282 236 3364 magis
258 3282 402 3346 minusve
420 3283 488 3363 jam
511 3290 678 3362 corruptos
702 3289 771 3347 erat
795 3287 935 3362 mutata,
962 3289 995 3347 et
1019 3282 1064 3346 sic
1085 3279 1287 3359 factumest,
1314 3288 1360 3360 ut,

135 3368 403 3448 quemadmodum
419 3386 443 3432 s.
458 3367 672 3449 Hieronymus
687 3368 777 3448 dicit,
801 3373 849 3433 tot
863 3368 931 3433 fere
947 3372 1053 3434 essent
1069 3366 1262 3446 exemplaria
1278 3364 1362 3445 (ver-

135 3453 254 3535 siones)
270 3471 381 3534 paene,
397 3453 484 3534 quod
499 3454 633 3541 codices.
982 3519 985 3524 ,

219 3539 290 3603 Hae
307 3539 432 3603 ratione
446 3539 556 3620 itaque
578 3539 649 3619 ipsa
671 3539 725 3602 illa
740 3539 895 3603 versionis
910 3538 1013 3602 Italae
1035 3537 1240 3618 simplicitas,
1265 3555 1361 3618 quam

136 3623 188 3688 alii
201 3624 352 3689 laudibus
367 3624 582 3704 celebrarunt,
606 3624 661 3688 alii
675 3625 911 3704 vituperarunt,
932 3624 1129 3688 occasionem
1144 3623 1308 3704 praebuit,
1324 3628 1361 3687 ut

136 3710 243 3790 plures
265 3716 492 3775 enascerentur
510 3710 672 3775 versiones
693 3709 827 3789 latinae,
855 3728 937 3791 quae
959 3729 1017 3790 pro
1040 3709 1161 3790 maj0re
1176 3709 1226 3773 vel
1241 3710 1362 3774 minore

138 3801 302 3861 auctorum
324 3796 441 3877 peritia
464 3803 496 3860 et
517 3816 575 3877 pro
596 3795 784 3860 diversitate
807 3796 950 3859 codicum
965 3813 1169 3876 graecorum,
1194 3795 1250 3876 qui
1272 3801 1362 3860 erant

140 3881 281 3960 adhibiti,
297 3882 400 3964 magis
415 3882 559 3946 minusve
573 3882 658 3946 inter
673 3900 707 3946 se
723 3881 973 3946 discordarent‘d

221 3968 250 4032 2.
274 3967 367 4044 Quod
382 3967 497 4032 attinet
512 3967 692 4032 versionum
706 3967 877 4031 latinarum
893 3979 1038 4047 oetatem,
1063 3984 1118 4030 eas
1133 3972 1258 4031 mature
1274 3971 1362 4030 ortas

142 4104 321 4114 Ἦ-

205 4174 213 4203 ¹
232 4167 286 4222 Ofr.
299 4169 424 4222 Auctoris
436 4169 600 4223 hermeneut.
613 4168 677 4223 bibl.
690 4169 737 4222 ΠΙ.
751 4168 813 4222 edit.
826 4185 852 4236 p.
870 4169 925 4222 191.
941 4169 963 4234 1,
976 4169 1000 4221 2.

205 4241 215 4272 ⁹
233 4239 344 4291 Praeter
356 4237 460 4291 codices
472 4239 685 4306 graeco-latinos,
704 4253 814 4306 quorum
833 4236 970 4304 praecipui
982 4240 1004 4304 ς.
1016 4235 1059 4291 49.
1079 4244 1141 4290 sunt
1152 4235 1279 4290 nominati
1291 4235 1361 4288 inter

141 4313 308 4359 monumenta
320 4307 444 4374 antiquae
457 4307 586 4360 versionis
599 4307 698 4360 latinae
711 4312 859 4358 memoratu
871 4304 1020 4373 dignissimi
1033 4311 1096 4359 sunt
1107 4305 1182 4359 codd.
1195 4303 1360 4369 Bobbiensis,

141 4373 292 4441 Brixiensis,
306 4375 534 4439 Olaromontanus,
556 4375 732 4440 colbertinus,
751 4374 926 4441 corbejenses
939 4375 962 4427 1.
975 4375 1009 4438 2.,
1025 4373 1163 4426 Palatinus
1175 4372 1360 4425 Vindobonen·
1400 4396 1401 4400 1

142 4442 183 4507 sis,
192 4443 413 4512 Rhedigerianus‚
425 4443 662 4511 Sangermanensis
676 4445 699 4495 1.
712 4443 745 4507 2.,
754 4442 925 4507 Veronensis,
938 4443 983 4511 qui
996 4457 1009 4494 e
1023 4457 1091 4496 saec.
1103 4440 1235 4495 IV—VII.
1249 4440 1359 4494 deseen-

142 4510 211 4577 dunt,
224 4520 251 4564 et
263 4513 361 4580 partim
377 4511 536 4576 asabatier‚
548 4512 646 4578 partim
659 4527 675 4564 a
686 4510 826 4564 Bianehini
839 4509 903 4563 editi
917 4517 986 4564 sunt.

205 4581 259 4635 Cir.
273 4581 359 4634 Maier
370 4579 479 4634 Einleit.
492 4596 518 4647 p.
532 4580 591 4634 561.
604 4579 665 4633 Not.
680 4580 705 4632 2.
