3314 5166
893 276 954 340 rea
999 313 1041 319 -

307 449 349 514 11.
365 447 451 514 Patr.
470 450 502 528 1,
522 448 570 512 14.
588 447 721 511 16-18.
750 447 783 532 y)
795 446 833 510 In
848 447 1006 528 epistolia,
1030 464 1113 527 quae
1128 445 1222 512 Pauli
1236 446 1295 526 Ap.
1310 443 1437 510 nomine
1456 445 1528 509 insi·

308 535 476 617 gniuntur‚
502 532 570 598 iere
585 531 731 598 omnibus
746 532 824 598 talia
839 537 1011 598 oocurmmt
1031 531 1163 612 indicia,
1190 549 1274 612 quae
1300 531 1385 596 clare
1409 531 1528 610 docent

307 624 472 685 auctorem
483 617 619 684 Paulum
630 617 743 683 haberi
757 617 847 696 velle,
870 624 903 683 et
922 617 1057 700 proinde
1078 615 1165 682 iacta
1178 615 1310 697 fataque
1322 617 1419 698 hujus
1434 615 1528 682 nomi-

307 705 358 770 nis
372 704 529 786 Apostoli,
540 704 573 768 in
587 703 678 768 Actis
692 704 752 783 Ap.
768 704 939 786 descripta,
956 703 1018 767 sibi
1031 702 1184 767 tribuere.

393 791 422 854 2.
452 788 519 852 Eos
533 799 622 852 testea
635 787 775 852 oculares
789 811 897 854 revera
902 788 1020 874 floriac,
1037 807 1054 852 e
1070 786 1278 869 sequentibus
1291 791 1399 867 patet:

394 875 428 956 a)
458 874 562 938 Nullo
581 873 698 938 adsunt
719 875 904 938 emichonis
925 873 1117 938 characteris
1138 873 1241 936 aiz'eai
1257 871 1403 958 aestima,
1427 870 1532 952 qualia

308 961 362 1026 vix
377 959 491 1024 abesse
505 964 647 1040 possent,
663 960 691 1024 si
706 960 780 1024 libri
790 959 829 1023 N.
842 960 877 1024 T.
892 979 954 1024 non
966 978 986 1022 a
996 960 1073 1024 viris
1083 959 1156 1038 illis,
1173 958 1228 1039 qui
1238 956 1416 1022 immediati
1428 975 1532 1021 rerum

308 1046 484 1111 relatarum
500 1050 601 1109 testes
617 1049 724 1124 erant,
748 1045 874 1131 scripti,
898 1045 956 1110 sed
971 1045 1011 1109 ab
1027 1045 1098 1108 aliis
1113 1043 1293 1120 hominibus
1309 1043 1355 1108 eis
1376 1041 1533 1123 suppositi

308 1134 423 1197 essent.
462 1129 497 1194 Si
516 1130 599 1194 enim
613 1130 806 1210 impostores
821 1130 859 1194 N.
876 1130 910 1194 T.
926 1135 1094 1195 auctomm
1108 1147 1263 1211 personas
1277 1129 1311 1193 in
1326 1146 1361 1192 se
1376 1127 1532 1208 suscepis-

308 1222 397 1295 sent,
420 1215 541 1280 alienos
556 1215 758 1281 characteres
773 1220 1016 1296 repraesentare
1034 1215 1228 1280 debuissent.
1274 1213 1367 1291 Quod
1389 1231 1463 1277 cum
1484 1229 1532 1277 res

307 1307 419 1366 tantae
434 1298 635 1365 difficultatis
650 1301 700 1380 sit,
720 1306 758 1364 ut
771 1301 822 1366 vel
838 1301 1022 1366 cultissimis
1037 1301 1210 1365 admodum
1224 1318 1298 1363 raro
1313 1298 1451 1364 feliciter
1465 1316 1532 1361 suc-

308 1388 418 1464 cedat,
434 1384 615 1449 hominibus
628 1385 789 1451 illiteratis
806 1392 839 1450 et
852 1405 967 1468 parum
983 1387 1176 1464 exercitatis
1192 1384 1304 1466 quales
1318 1385 1357 1448 N.
1373 1384 1409 1447 T.
1426 1387 1532 1447 aucto

308 1491 360 1536 res
374 1470 475 1535 fuisse
489 1470 705 1550 inveniuntur,
722 1490 759 1536 eo
774 1472 878 1536 minus
893 1472 939 1535 ita
962 1471 1134 1536 succedere
1155 1471 1331 1551 potuisset,
1354 1474 1392 1532 ut
1413 1467 1532 1532 nullum

307 1555 432 1621 fraudis
447 1555 654 1635 detegeretur
667 1557 847 1638 vestigium.
871 1557 979 1636 Quod,
994 1558 1022 1620 si
1036 1557 1146 1637 plures
1160 1557 1352 1636 impostores
1366 1560 1531 1636 praestare

307 1641 395 1706 haud
409 1645 600 1720 potuerunt,
624 1641 679 1704 uni
693 1642 842 1721 alterive,
866 1643 1066 1706 diversarum
1084 1659 1294 1722 personarum
1316 1640 1532 1705 characterem

308 1729 552 1808 repraesentare
568 1726 717 1807 cupienti,
732 1727 827 1808 plane
840 1727 1038 1809 impossibile
1054 1732 1131 1792 erat.
1166 1725 1256 1790 Idem
1271 1725 1376 1790 elucet

374 1811 427 1910 ub)
448 1833 487 1873 ca
509 1812 777 1909 scommaoiilorum
798 1814 832 1876 ia
853 1811 1015 1896 refermdo
1039 1810 1224 1894 coapidcab’a
1244 1835 1314 1874 cum
1334 1809 1533 1894 simplicitate

308 1918 344 2046 {1⁰
345 1894 1533 2063 tiliislttshhhtt,theettituhhtltthtt

307 2066 421 2130 Nullas
436 2065 590 2131 adhibent
605 2072 701 2147 artes,
718 2068 834 2149 quibus
849 2069 1009 2147 homines,
1031 2069 1155 2133 incerta
1176 2072 1302 2131 tantum
1323 2064 1409 2130 fama
1432 2063 1535 2129 edocti

308 2153 349 2216 de
363 2151 441 2230 illis,
458 2149 499 2214 de
515 2151 632 2230 quibus
648 2153 719 2216 aliis
733 2155 929 2234 persuadere
944 2153 1139 2233 desiderant,
1155 2153 1204 2216 uti
1220 2150 1331 2216 solent.
1376 2150 1451 2215 Non
1465 2168 1534 2231 pro-

197 2269 200 2280 =
308 2241 424 2300 vocant
439 2235 480 2298 ad
495 2237 721 2302 auctoritatem
736 2239 890 2318 alienam,
917 2258 982 2320 qua
995 2237 1205 2303 relationibus
1221 2238 1288 2302 suis
1311 2234 1408 2300 fidem
1434 2234 1533 2300 eonci-

308 2321 396 2399 hent,
410 2319 473 2384 nisi
486 2318 552 2384 fors
567 2321 646 2386 talia
656 2329 787 2388 narrent
797 2323 892 2404 facta,
908 2325 1025 2404 quibus
1036 2342 1129 2388 nemo
1136 2322 1365 2404 Apostolorum
1372 2322 1534 2398 intererat,

220 2419 227 2436 ·
308 2411 346 2469 ut
361 2405 418 2468 Mt.
433 2405 490 2484 27,
506 2405 534 2468 8.
557 2404 685 2485 (nomen
701 2409 777 2472 emti
791 2409 862 2490 agri
875 2408 996 2491 figuli),
1013 2415 1045 2474 et
1060 2409 1119 2488 28,
1143 2409 1192 2473 15.
1208 2406 1332 2487 (rumor
1346 2407 1387 2471 de
1403 2423 1534 2486 corpore

310 2489 429 2554 Christi
444 2508 503 2570 per
517 2489 691 2571 discipulos
707 2493 857 2576 sublato).
900 2496 1059 2558 Auctores
1073 2493 1112 2557 N.
1128 2494 1163 2558 T.
1183 2492 1285 2574 probe
1306 2493 1452 2572 novisse,
1475 2509 1534 2572 que

308 2593 345 2640 re
366 2592 447 2655 opus
469 2575 512 2638 sit
531 2575 564 2639 in
583 2577 646 2642 illis
665 2578 855 2659 referendis,
881 2581 914 2644 in
937 2580 1054 2660 quibus
1076 2579 1253 2644 auctoritas
1274 2578 1435 2658 ipsomm,
1464 2576 1534 2657 quia

308 2664 410 2724 testes
428 2659 606 2724 immediati
624 2681 687 2726 non
710 2671 816 2743 erant,
843 2665 931 2729 haud
954 2663 1100 2729 sufficere
1121 2663 1307 2742 videbatur,
1332 2663 1367 2727 hi
1389 2663 1456 2726 duo
1478 2660 1534 2726 loci

310 2744 395 2808 clare
410 2742 622 2811 manifestant.
647 2747 727 2812 Cum
737 2750 805 2831 jam
820 2750 900 2814 alias
916 2749 1073 2832 ejusmodi
1084 2749 1309 2830 provocatione
1321 2767 1383 2812 non
1393 2753 1534 2824 utantur,

309 2829 430 2895 clarum
445 2847 588 2897 summae
600 2831 819 2915 confidentiae,
834 2854 872 2900 ex
883 2835 1052 2916 autopsiae
1064 2834 1257 2900 conscientia
1268 2839 1369 2912 ortae,
1384 2833 1534 2897 indicium

307 2914 472 2995 praebent.
498 2915 633 2982 Accedit
1558 2986 1560 2990 .

394 2999 425 3081 c)
448 3014 616 3065 accuratus
630 3006 664 3066 ia
678 3005 865 3068 sessionum
878 3005 1055 3067 substantia
1071 3025 1237 3066 consensus
1245 3051 1253 3083 ,
1270 3003 1454 3087 companctas
1469 3024 1534 3065 cara

307 3108 426 3170 magna
439 3087 474 3148 ia
489 3087 735 3152 accideraciibas
749 3091 907 3152 varietate.
953 3089 1024 3164 Qua
1039 3089 1074 3152 in
1086 3108 1122 3153 re
1141 3089 1227 3153 idem
1248 3087 1425 3167 invenitur,
1451 3085 1534 3168 quod

309 3169 406 3234 etiam
421 3170 454 3233 in
469 3171 540 3234 aliis
555 3171 748 3237 immediatis
762 3173 901 3239 testibus
916 3174 1026 3253 probis
1041 3172 1246 3252 observatum
1265 3172 1348 3238 tales
1365 3173 1449 3236 enim
1469 3189 1534 3237 rem

308 3259 414 3319 actam
427 3255 461 3318 in
476 3257 700 3322 essentialibus
716 3259 827 3323 eodem
842 3259 936 3323 modo
952 3258 1081 3338 reterre,
1096 3259 1129 3322 in
1144 3257 1394 3323 accidentalibus
1409 3275 1487 3322 vero
1504 3256 1534 3318 in

309 3339 437 3404 diversa
459 3340 549 3404 abire
570 3341 685 3422 solent,
706 3349 743 3406 ut
762 3342 813 3408 vel
832 3343 911 3408 haec
929 3343 980 3408 vel
995 3343 1049 3408 illa
1064 3344 1215 3425 adjuncta
1230 3343 1370 3406 animum
1385 3343 1534 3406 uniuscu-

304 3424 424 3505 jusque
439 3424 639 3490 observantis
654 3428 756 3509 magis
772 3429 916 3493 minusve
930 3427 1083 3508 afficiunt,
1098 3434 1155 3492 aut
1165 3435 1264 3508 prout
1273 3427 1389 3508 singuli
1402 3427 1534 3492 eandem

308 3527 376 3573 rem
393 3527 411 3574 e
426 3510 553 3574 diversa
567 3517 661 3590 parte
677 3518 831 3592 spectant.
847 3549 890 3557 -
906 3514 1027 3589 Quodsi
1042 3513 1116 3578 libri
1131 3513 1169 3576 N.
1185 3513 1220 3576 T.
1238 3513 1396 3593 suppositi
1420 3515 1533 3588 essent,

308 3594 549 3675 phaenomenon
568 3595 648 3660 illud
666 3597 700 3661 in
720 3599 766 3662 eis
785 3598 873 3663 haud
894 3598 1105 3677 inveniretur3
1130 3599 1351 3678 suppositores
1373 3597 1458 3662 enim
1480 3601 1534 3660 aut

309 3678 541 3758 conspirantes,
564 3686 621 3745 aut
636 3681 677 3746 ab
692 3683 815 3748 incerta
835 3683 920 3747 fama
941 3684 1174 3764 dependentes,
1196 3688 1254 3747 aut
1272 3682 1358 3747 facta
1378 3681 1533 3764 lingentes

310 3762 522 3842 scripsissent.
547 3764 580 3828 Si
594 3767 733 3844 primum
747 3768 914 3833 habuisset
927 3768 1042 3848 locum,
1058 3787 1120 3832 non
1134 3773 1227 3832 tanta
1241 3768 1274 3832 in
1285 3766 1533 3833 occidentalibus

311 3845 440 3942 adesset
456 3846 686 3930 discrepantia,
703 3870 786 3931 quae
800 3871 956 3933 persaepe
971 3853 1143 3934 antilogiae
1159 3853 1297 3934 speciem
1312 3870 1391 3932 prae
1407 3871 1443 3916 se
1457 3851 1532 3926 fert3

310 3931 426 4012 quodsi
440 3930 577 3996 alterum
599 3941 656 3998 aut
676 3937 808 4000 tertium
829 3943 916 4002 esset
934 3935 1070 4016 factum,
1093 3938 1126 4001 in
1144 3957 1251 4002 rernm
1273 3936 1455 4001 substantia
1475 3953 1533 3999 non

308 4020 419 4080 tantus
434 4016 630 4081 inveniretur
645 4039 826 4085 consensus.
857 4021 1011 4101 Exemplo
1025 4022 1086 4086 hac
1100 4023 1133 4085 in
1155 4042 1191 4087 re
1212 4027 1287 4086 sunt
1306 4021 1471 4102 evangelia
1490 4019 1532 4083 sic

308 4102 396 4166 dicta
417 4102 616 4182 apocrypha,
638 4123 773 4184 quorum
794 4113 996 4171 monstrosae
1014 4105 1185 4172 relationes
1206 4106 1267 4171 sibi
1284 4107 1420 4171 invicem
1442 4121 1531 4185 repu-

308 4194 443 4336 gngntes
455 4185 650 4335 (balationes,
666 4208 803 4270 quarum
809 4211 874 4256 una
881 4191 1016 4256 alteram
1030 4191 1182 4274 excludit)
1197 4192 1273 4256 huic
1287 4190 1367 4256 fonti
1382 4191 1531 4272 originem

331 4291 349 4338 e
372 4277 435 4336 ent.
500 4273 615 4353 enique

392 4357 423 4419 4.
445 4358 622 4422 attentione
636 4359 824 4441 dignissima
838 4365 889 4426 est
903 4359 1047 4423 absolata
1055 4408 1065 4440 ,
1088 4383 1184 4444 quom
1199 4361 1237 4424 dc
1251 4363 1329 4426 rheu
1343 4374 1372 4423 et
1392 4360 1429 4423 dc
1449 4372 1531 4422 atra-

310 4463 369 4526 que
390 4445 562 4505 cotardia
583 4466 617 4506 co
639 4445 804 4528 constancia
820 4445 976 4528 praetera
995 4445 1107 4530 imeae.
1152 4445 1342 4528 Quicunque
1355 4448 1431 4526 post
1444 4443 1482 4507 N.
1498 4441 1529 4503 Τ.

308 4530 458 4592 auctores
472 4544 629 4607 personae
640 4529 720 4595 Jesu
732 4529 851 4595 Christi
866 4529 1110 4595 dehueationem
1126 4535 1346 4611 suscepemmt,
1361 4529 1390 4594 si
1400 4525 1529 4608 vestigia
