3364 5156
806 286 1090 350 -202—

338 458 393 538 qui
408 455 555 538 Apostoli
571 455 603 519 in
619 455 738 521 alienas
753 441 890 521 abierint
906 461 1023 535 terrae,
1040 476 1101 521 non
1116 455 1226 537 liquet.
1261 455 1419 520 Eusebius
1434 456 1547 538 quidem

338 542 436 608 refert
469 565 507 604 ar
537 540 721 624 Apollonio,
756 542 811 622 qui
836 545 896 608 hoc
922 562 960 608 ex
985 542 1190 622 antiquorum
1216 541 1388 606 traditione
1413 543 1549 607 didicisse

338 629 431 706 dicit,
446 629 454 670 ¹
475 626 637 708 Apostolis
652 646 672 690 a
687 627 823 692 Domino
840 647 909 694 esse
925 629 1126 707 mandatum,
1146 647 1186 692 ne
1208 631 1283 693 ante
1300 628 1339 690 12
1360 646 1457 692 annos
1475 627 1549 708 elap-

338 732 391 780 sos
405 712 659 793 Hierosolymam
675 714 832 779 deserent.
876 714 1012 778 Etiamsi
1028 733 1103 778 vero
1122 713 1197 779 huic
1218 712 1365 778 relationi
1388 714 1550 778 auctoritas

339 803 424 864 esset
438 799 609 864 tribuenda
624 796 693 877 (cfr.
709 799 778 864 Act.
798 801 823 880 l,
835 800 889 882 4,),
904 800 979 864 inde
990 803 1097 864 tamen
1108 818 1169 863 non
1182 803 1352 878 constaret,
1369 819 1442 863 num
1454 819 1550 864 omnes

338 884 432 950 simul
459 890 491 949 et
516 885 549 947 in
569 888 761 965 perpetuum
783 902 864 950 anno
886 885 937 949 45.
960 885 1162 967 metropolim
1184 885 1389 964 reliquerint;
1415 889 1550 950 neutrum

337 970 488 1035 habuisse
501 969 616 1049 locum,
632 989 672 1046 ex
685 969 754 1036 Act.
773 971 822 1051 15,
838 971 867 1035 6.
882 976 982 1052 patet,
1001 969 1057 1034 ubi
1073 967 1204 1036 concilio
1220 970 1377 1036 Hierosol.
1393 969 1551 1052 Apostolo-

338 1077 408 1121 rum
424 1055 538 1120 saltem
553 1054 662 1136 plures
677 1055 854 1122 intererant
870 1055 938 1137 (cfr.
956 1056 1025 1121 Gal.
1042 1075 1066 1120 c.
1083 1053 1136 1137 2.).

422 1145 449 1219 a)
476 1140 581 1203 Lucae
596 1141 629 1202 ia
642 1142 780 1225 proemio
797 1141 953 1227 evaapebi'
965 1143 993 1224 1,
1010 1143 1101 1202 1-4.
1121 1141 1226 1221 edicit,
1242 1145 1316 1206 ante
1331 1159 1366 1206 se
1377 1142 1445 1222 Jam
1456 1141 1553 1223 plures

337 1232 468 1294 conatos
484 1245 554 1292 esse
570 1227 719 1292 ordinare
734 1227 934 1293 narrationes
950 1227 1157 1309 evangelicas.
1194 1227 1313 1292 Lucam
1327 1227 1378 1292 his
1398 1227 1552 1291 conatibus

336 1333 399 1378 non
421 1314 650 1378 adnumerasse
673 1313 837 1395 evangelia
860 1313 1059 1378 aMatthaeo
1074 1312 1229 1395 Apostolo
1253 1317 1286 1377 et
1308 1313 1453 1377 aMarco
1475 1313 1553 1376 Petri

247 1401 248 1404 ’
337 1399 453 1464 comite
473 1398 674 1478 elucubrata,
699 1400 824 1464 etiarnsi
845 1400 924 1464 haec
940 1399 1043 1464 eidem
1055 1400 1122 1480 jam
1137 1399 1226 1481 prius
1248 1398 1424 1463 innotuisse
1448 1418 1553 1479 suppo·

225 1519 227 1523 ·
337 1491 442 1563 natur,
459 1503 496 1548 en
511 1484 560 1562 iis,
577 1503 660 1564 quae
674 1485 764 1566 prius
779 1486 839 1550 hac
855 1486 897 1550 de
910 1505 945 1550 re
960 1485 1047 1549 dicta
1062 1490 1145 1564 sunt,
1162 1484 1372 1566 cognoscitur.
1471 1537 1475 1546 .

424 1569 456 1644 ct)
482 1569 611 1632 Clariae
633 1569 671 1632 de
694 1583 825 1652 recipere
839 1571 956 1654 scripti
967 1593 987 1632 a
1002 1593 1026 1636 a.
1043 1569 1133 1632 Luca
1149 1571 1305 1653 evanpelc‘c'
1316 1569 1470 1632 r'ndc‘cr'arn
1485 1568 1554 1630 inre·

337 1658 424 1720 artur
439 1655 507 1719 Aac.
524 1654 578 1737 28,
594 1655 647 1718 30.
664 1658 715 1719 31.
738 1656 852 1720 Mutua
867 1656 1025 1735 nimirum,
1041 1675 1124 1738 quae
1138 1656 1222 1720 inter
1233 1659 1325 1720 actus
1337 1654 1555 1736 Apostolorum

339 1747 372 1807 et
388 1740 587 1823 evangelium
602 1740 709 1807 Lucae
724 1741 903 1821 intercedit,
919 1741 1033 1807 relatio
1049 1743 1158 1821 docet,
1176 1741 1373 1822 evangehum
1388 1741 1480 1821 prius
1496 1759 1556 1804 esse

338 1832 512 1907 exaratum,
529 1846 625 1907 quam
639 1826 719 1892 illas.
745 1827 806 1892 Hic
818 1833 926 1893 autem
941 1832 1071 1892 actuum
1082 1827 1163 1892 liber
1175 1826 1313 1909 scriptus
1326 1832 1376 1891 est
1387 1831 1464 1890 ante
1474 1825 1555 1889 Pauli

337 1917 488 1992 mortem,
517 1932 588 1977 cum
612 1918 744 1978 eventus
767 1914 862 1995 hujus
884 1923 1062 1978 memoratu
1085 1912 1262 1994 dignissimi
1283 1913 1371 1976 nulla
1392 1912 1488 1993 plane
1508 1909 1556 1974 fiat

337 2001 472 2078 mentio;
487 2000 550 2065 imo
567 2017 638 2063 curn
653 1998 758 2064 Lucas
773 2000 829 2079 28,
845 1999 895 2063 30.
912 2000 1060 2078 adnotet,
1084 1998 1219 2063 Paulum
1234 1998 1390 2062 mansisse
1404 2017 1466 2078 per
1479 1997 1557 2063 bien-

325 2086 424 2159 nium
442 2085 475 2149 in
496 2104 553 2149 suo
578 2084 734 2150 conducto
751 2086 884 2163 Romae,
912 2087 1049 2149 durante
1070 2085 1142 2166 ipsa
1161 2085 1221 2149 hac
1244 2084 1450 2164 captivitate,
1476 2088 1557 2148 actus

337 2171 565 2252 Apostolorum
580 2170 747 2250 scripsisse
764 2171 852 2235 etad
869 2171 987 2235 exitum
1002 2170 1087 2235 illius
1102 2169 1242 2234 finivisse
1258 2170 1435 2234 censendus
1453 2174 1515 2246 cst;
1536 2167 1558 2230 si

339 2257 424 2322 enim
444 2255 547 2320 serius
569 2256 767 2336 scripsisset,
793 2256 1014 2321 liberationem
1031 2256 1177 2338 Apostoli
1200 2260 1232 2320 et
1249 2254 1335 2320 facta
1349 2253 1484 2336 fataque
1499 2255 1557 2334 ejus

337 2341 490 2407 ulteriora
506 2340 667 2406 delineare
681 2342 768 2406 haud
784 2341 951 2406 omisisset.
990 2342 1111 2418 Quodsi
1126 2345 1234 2406 autem
1251 2361 1287 2406 eo
1310 2345 1458 2421 ternpore
1477 2344 1557 2404 actus

336 2427 563 2510 Apostolorum
580 2428 691 2508 scripti
707 2432 781 2492 sunt
797 2427 880 2508 (ann.
898 2426 1073 2508 (tr—ota
1094 2427 1183 2507 prius
1199 2425 1295 2490 scribi
1311 2426 1423 2492 debuit
1440 2423 1459 2492 ὁ
1474 2426 1557 2508 πρῶ-

335 2539 391 2592 τος
405 2513 502 2596 λόγος
518 2512 601 2592 (Act.
620 2514 647 2592 1,
667 2514 724 2594 l.),
748 2514 767 2577 i.
785 2533 810 2578 e.
828 2513 1042 2594 evangelium,
1070 2518 1102 2578 et
1121 2511 1332 2593 probabiliter
1354 2512 1432 2574 dum
1448 2510 1558 2575 Paulus

337 2619 396 2681 per
410 2598 571 2663 biennium
589 2597 766 2663 Caesareae
781 2599 813 2662 in
828 2598 961 2663 vinculis
978 2598 1197 2677 detinebatur,
1220 2597 1286 2677 vel,
1312 2601 1349 2662 ut
1364 2597 1437 2662 aliis
1452 2596 1558 2678 placet,

207 2742 211 2750 .
233 2701 235 2706 ·
338 2687 370 2750 in
387 2685 499 2749 eadem
515 2684 702 2766 captivitate
717 2683 810 2749 Pauli
826 2684 977 2749 Romana

424 2770 578 2851 abjectio.
612 2770 716 2835 Lucas
744 2770 840 2835 etiarn
867 2770 970 2836 serius
998 2769 1140 2834 scribens
1170 2773 1260 2833 actus
1286 2767 1369 2849 App.
1399 2767 1448 2832 ita
1477 2766 1559 2830 finire

313 2853 457 2938 potuit,
486 2856 513 2920 si
527 2856 640 2921 habuit
655 2856 834 2936 consilium,
861 2853 969 2943 apiano
983 2855 1091 2940 λόγον,
1119 2854 1251 2919 tertium
1273 2853 1428 2918 historiae
1451 2853 1559 2917 librurn

337 2942 496 3008 exarandi.
541 2942 624 3005 Eum
647 2947 755 3007 autem
777 2961 890 3007 revera
912 2941 978 3006 tale
998 2941 1150 3005 habuisse
1165 2940 1379 3020 propositum,
1408 2938 1559 3005 econclu-

337 3030 425 3094 sione
440 3031 569 3092 actuum
585 3029 667 3108 App.
683 3031 774 3109 patet
789 3046 860 3092 curn
877 3026 1033 3108 evangelii
1047 3025 1110 3090 fine
1126 3025 1255 3104 collata3
1278 3025 1386 3107 prouti
1401 3025 1454 3089 hic
1478 3025 1560 3090 deest

336 3119 413 3195 apta
429 3113 604 3191 conclusio,
621 3113 697 3194 quia
711 3113 904 3194 narrationis
919 3111 1008 3176 filum
1023 3112 1055 3176 in
1071 3111 1196 3176 actibus
1212 3111 1294 3192 App.
1307 3111 1499 3176 resumitur:
1520 3110 1559 3173 ita

337 3200 435 3266 etiarn
457 3198 518 3278 ibi,
546 3199 621 3279 quia
645 3205 793 3263 eventum
809 3199 908 3262 series
925 3197 1137 3262 continuanda
1153 3198 1270 3262 eratin
1285 3196 1381 3261 tertio
1397 3195 1559 3270 volumine,

338 3286 424 3367 quod
439 3288 496 3348 aut
511 3303 624 3349 revera
640 3288 804 3348 exaratum
819 3288 945 3348 mature
960 3283 1071 3364 periit,
1092 3286 1150 3347 aut
1164 3282 1262 3346 variis
1278 3301 1295 3346 e
1311 3281 1416 3346 causis
1431 3281 1483 3347 vel
1499 3287 1558 3344 'non

339 3377 388 3438 est
404 3369 627 3456 conscriptum,
645 3369 695 3434 vel
709 3388 771 3434 non
787 3369 940 3434 editum.2
1633 3443 1634 3448 ἵ

423 3457 518 3536 Resp.
546 3455 683 3519 Etiamsi
697 3455 803 3520 Lucae
820 3453 1018 3536 evangelium
1033 3453 1207 3533 abruptum
1220 3450 1340 3517 habeat
1361 3449 1471 3532 finem,
1494 3450 1559 3515 inde

337 3546 453 3622 tamen,
470 3545 634 3608 auctorem
646 3541 780 3606 alteram
790 3539 945 3605 historiae
957 3543 1081 3621 partem
1099 3536 1298 3604 conscribere
1309 3537 1458 3616 voluisse,
1475 3553 1559 3600 nemo

339 3627 551 3708 concluderet,
567 3627 628 3692 nisi
642 3628 722 3692 haec
737 3645 851 3691 revera
866 3626 1012 3704 adessct;
1036 3643 1136 3705 quare
1152 3628 1184 3688 et
1199 3627 1328 3689 actuum
1343 3621 1425 3704 App.
1443 3621 1560 3687 conclu·

339 3714 386 3777 sio
403 3711 541 3792 abrupta
556 3713 680 3777 nonnisi
692 3717 761 3777 tum
778 3712 890 3778 eadem
906 3731 943 3777 ex
966 3710 1063 3776 causa
1085 3714 1172 3774 esset
1196 3709 1386 3787 derivanda,
1413 3708 1457 3788 si,
1483 3705 1560 3787 quod

338 3799 443 3862 locum
465 3817 527 3862 non
548 3798 661 3877 habet,
680 3799 778 3862 tertia
797 3797 950 3862 historiae
973 3814 1049 3877 pars
1072 3811 1184 3860 revera
1205 3795 1334 3860 adesset
1354 3798 1412 3857 aut
1426 3795 1560 3874 unquam

339 3881 504 3948 adfuisset.
534 3883 640 3958 Quare
654 3883 709 3947 illa
725 3883 884 3948 sententia
899 3887 948 3947 est
963 3901 1051 3947 mera
1066 3881 1265 3962 conjectura,
1281 3880 1323 3944 ad
1337 3878 1479 3960 amplum
1494 3895 1560 3958 pos-

339 3968 480 4034 sibilium
496 3987 643 4048 campum
657 3967 843 4051 ableganda,
860 3967 912 4034 cui
926 3967 1027 4033 omnis
1043 3966 1188 4032 veritatis
1205 3965 1327 4046 species
1342 3965 1443 4030 deest.
1470 3963 1561 4028 Prae·

339 4061 430 4121 terea
444 4054 477 4118 in
492 4052 618 4119 actibus
632 4053 714 4135 App.
730 4055 824 4122 adest
839 4053 1014 4133 conclusio,
1041 4051 1194 4132 tempori,
1221 4070 1284 4133 quo
1300 4068 1355 4116 eos
1374 4049 1512 4132 scriptos
1533 4051 1561 4111 et

409 4312 419 4342 ¹
436 4306 537 4360 Euseb.
548 4305 575 4359 h.
588 4319 611 4358 e.
624 4304 656 4359 V.
669 4304 711 4358 21.
725 4304 802 4360 dicit:
821 4307 862 4362 ἔτι
876 4305 907 4360 δὲ
920 4303 958 4365 ὥς
970 4305 999 4358 ἐκ
1013 4301 1196 4377 παραδόσεως
1208 4302 1258 4358 τὸν
1272 4301 1383 4372 σωτῆρά
1395 4318 1466 4374 φησι
1480 4319 1561 4371 προς·

342 4379 485 4460 receptatur
498 4382 556 4436 τοῖς
568 4373 657 4429 αὑτοῦ
669 4372 855 4437 ἀποστόλοις,
877 4374 925 4428 aa
938 4371 1046 4428 δώδεκα
1062 4375 1138 4428 ἔτεσι
1154 4369 1194 4444 μὴ
1203 4375 1382 4443 χωρισθῆναι
1401 4371 1449 4437 τῆς
1465 4367 1560 4442 Ἰερου-

342 4448 493 4565 σαληὲμδῐα
506 4509 616 4563 Henrici
628 4508 771 4562 Heinrichs
783 4507 943 4562 introductio
957 4507 985 4561 in
997 4513 1058 4562 acta
1070 4509 1139 4576 App.
1158 4524 1184 4576 p.
1197 4506 1238 4560 48.
1251 4506 1302 4571 49,
1315 4506 1362 4559 Dr.
1375 4505 1468 4560 Mack:
1490 4504 1561 4558 Corn-

341 4584 446 4634 mentar
458 4579 525 4633 uber
537 4578 580 4632 die
592 4576 799 4632 Pastoralbriefe
812 4577 889 4632 Pauli
906 4594 932 4645 p.
946 4575 1004 4630 167.
