3356 5176
562 648 597 710 Β)
622 647 818 698 Mutationes
830 660 846 696 e
859 646 963 698 causis
975 644 1163 707 dogmaticis
1175 644 1287 696 factae.

399 800 547 865 Ecausis
563 799 751 882 dogmaticis
769 799 892 865 librarii
914 818 952 864 ac
973 798 1108 864 lectores
1130 799 1162 862 in
1184 817 1301 879 genere
1321 796 1539 862 omnimodum

316 885 483 952 effatorum
497 886 685 952 biblicorum
701 904 887 951 consensum
907 891 974 950 tam
994 904 1067 950 cum
1085 884 1221 950 veritate
1241 883 1417 964 objectiva,
1443 899 1539 962 quam

269 973 272 980 '
316 990 388 1036 cum
402 971 479 1037 locis
493 971 654 1052 parallelis
670 969 795 1040 efficere
810 970 1014 1036 conabantur.
1051 971 1130 1035 Inde
1143 970 1253 1052 itaque
1272 969 1356 1035 inter
1374 967 1540 1034 variantes

315 1061 406 1122 ortae
422 1059 598 1124 censendae
613 1063 703 1122 sunt:

401 1143 427 1206 1.
457 1143 639 1223 Lectiones,
662 1142 778 1225 quibus
800 1160 924 1208 errores
939 1140 1144 1224 geographici
1158 1146 1216 1206 aut
1230 1138 1457 1222 topographici
1472 1156 1540 1204 cor·

316 1227 377 1309 rigi
392 1229 621 1307 credebantur,
643 1233 681 1292 ut
696 1229 752 1292 Mt.
769 1229 804 1307 8,
821 1228 871 1291 28.
888 1233 920 1292 et
935 1227 1059 1333 inlocis
1073 1225 1184 1308 parall.
1215 1226 1420 1334 srpyeopvoiv
1436 1229 1540 1332 etse-

315 1313 888 1479 il⁰⁷²l⁰h¹30⁰l0lilffillllls{llll
900 1313 1541 1474 lh{lllltlltllillllllh

317 1483 377 1548 Mr.
395 1484 466 1562 1,2.
484 1484 517 1550 ἐν
531 1488 601 1562 τοῖς
615 1484 800 1574 προφήταις
812 1484 882 1550 loco
898 1483 933 1550 ἕν
943 1480 1071 1571 Ἦοαίᾳ
1084 1485 1131 1570 τῷ
1147 1483 1317 1572 προφήτῃ’
1339 1482 1389 1561 10,
1407 1481 1460 1544 12.
1485 1478 1540 1546 ἐὰν

314 1569 391 1658 γυνή
406 1569 525 1658 ἐξέλθῃ
541 1565 682 1636 ἀπὸτοῦ
698 1566 814 1655 ἀνδρός
825 1575 862 1635 ut
874 1570 1070 1635 Graecorum
1080 1568 1222 1635 moribus
1234 1567 1336 1648 magis
1349 1565 1540 1632 conveniens

314 1672 374 1734 pro
389 1653 447 1720 ἐὰν
462 1655 537 1744 γονή
553 1649 703 1743 ἀπολύσῃ
717 1655 772 1722 τὸν
787 1653 887 1740 ἄνδρα
903 1653 1008 1742 αὑτής.

400 1740 429 1804 3.
458 1740 635 1819 Lectiones,
652 1741 768 1821 quibus
783 1746 933 1806 accurata
947 1740 1089 1806 locorum
1102 1739 1328 1820 parallelorum
1343 1742 1376 1803 et
1387 1736 1540 1818 analogo·

314 1845 385 1889 rum
401 1825 568 1890 concordia
584 1825 697 1892 effecta
711 1831 770 1891 cst.
814 1826 862 1890 Ex
877 1827 937 1890 hac
952 1845 1048 1891 causa
1064 1825 1122 1889 Mr.
1141 1825 1196 1905 16,
1220 1824 1346 1888 9-20.
1367 1830 1402 1887 et
1423 1840 1539 1904 genea-

314 1911 399 1992 logia
414 1911 570 1976 Matthaei
587 1912 622 1991 1,
647 1914 674 1976 1.
691 1911 780 1994 seqq?
800 1914 833 1976 in
852 1911 1010 1978 nonnullis
1031 1911 1193 1976 codicibus
1213 1910 1331 1976 omissa
1354 1912 1538 1987 censentur,

315 1997 391 2077 quia
412 1997 491 2062 haec
513 1997 668 2063 Matthaei
689 1998 876 2080 genealogia
894 1997 940 2062 illi
960 1998 1066 2062 Lucae
1086 1999 1120 2077 3,
1143 1997 1194 2060 23.
1210 2014 1315 2077 seqq.,
1335 1995 1440 2059 Marci
1465 2012 1539 2058 vero

317 2083 366 2162 16,
382 2082 410 2145 9.
427 2101 514 2164 seqq.
531 2083 617 2147 dicta
631 2083 708 2164 illis,
725 2103 809 2166 quae
823 2085 880 2148 Mt.
897 2102 921 2149 c.
937 2083 987 2147 28.
1003 2083 1169 2164 leguntur,
1184 2099 1364 2164 repugnare
1378 2081 1538 2145 videntur.

315 2167 363 2231 Ex
379 2167 491 2232 eadem
515 2186 612 2232 causa
627 2169 676 2233 Jo.
694 2170 727 2249 6,
752 2171 802 2234 69.
825 2165 875 2236 ὅτι
890 2169 929 2235 σύ
945 2163 975 2234 εἶ
991 2165 1009 2235 ὁ
1025 2167 1116 2253 ίίγως
1130 2171 1187 2235 τοῦ
1203 2169 1286 2234 θεοῦ
1303 2167 1396 2248 Juxta
1412 2167 1473 2230 Mt.
1491 2164 1538 2243 16,

318 2252 366 2315 16.
378 2253 507 2317 transiit
517 2253 550 2316 in
561 2248 611 2317 ὅτι
627 2255 665 2320 οὐ
682 2247 712 2320 εἶ
728 2251 746 2321 ὁ
761 2251 831 2330 υίὸς
844 2255 902 2320 τοῦ
918 2257 1000 2320 θεοῦ
1016 2255 1074 2322 τοῦ
1092 2253 1225 2334 ζῶντος·
1240 2245 1538 2335 1ονη.19,14,ὡ’ρα

316 2333 396 2403 rioci
412 2336 484 2426 ἕκτη
500 2341 677 2402 correctum
692 2340 789 2404 estin
805 2335 874 2424 ὥρα
890 2335 969 2404 ὡσεί
984 2337 1074 2427 τρίτῃ
1088 2338 1121 2402 in
1133 2338 1223 2403 codd.
1236 2338 1301 2417 DL,
1317 2343 1538 2402 utconsensus

315 2421 445 2488 adesset
459 2441 530 2488 curn
545 2424 604 2487 Mr.
619 2424 667 2503 15,
679 2426 740 2504 25,
755 2425 818 2491 imo
832 2425 915 2490 hanc
929 2423 1096 2489 lectionem
1112 2424 1280 2489 chronicon
1295 2422 1383 2487 Alex.
1398 2422 1453 2488 vel
1467 2439 1538 2502 pro·

315 2509 456 2573 vocando
471 2509 513 2573 ad
528 2509 549 2573 J
551 2509 660 2574 oannis
676 2507 848 2597 ίδιόχειρον
862 2509 982 2590 Ephesi
997 2515 1196 2574 asservatum
1210 2509 1348 2590 probare
1363 2514 1510 2572 conatur.

400 2594 429 2657 4.
458 2594 638 2674 Lectiones,
656 2594 771 2677 quibus
787 2595 1047 2673 removebantur,
1071 2613 1153 2675 quae
1168 2595 1247 2660 Jesu
1262 2598 1295 2658 et
1309 2594 1539 2674 Apostolorum

316 2680 383 2745 sive
398 2679 538 2745 omnium
553 2680 620 2745 sive
635 2680 830 2762 singulorum
845 2681 958 2747 honori
972 2700 1010 2746 ac
1025 2681 1173 2762 dignitati
1196 2681 1352 2761 derogare
1372 2680 1540 2754 videntum

315 2766 388 2830 ideo
404 2766 425 2831 J
427 2785 454 2830 ο.
471 2766 499 2846 7,
515 2766 544 2831 8.
560 2762 617 2834 οὐκ
631 2763 796 2851 ἀναβαίνω
812 2768 844 2831 in
860 2764 954 2834 α’ίπω
976 2763 1140 2852 ἀναβαίνω
1163 2770 1322 2830 mutatum
1344 2770 1408 2844 est3
1432 2766 1492 2830 Mt.
1511 2762 1539 2842 5,

317 2853 367 2915 11.
387 2852 661 2960 νοΧήΙενδόμενοι
675 2853 805 2934 inserta,
821 2858 853 2919 et
869 2851 937 2917 Gal.
953 2852 983 2951 2,
1000 2852 1028 2916 9.
1042 2849 1199 2936 Ἰάκωβος
1212 2851 1268 2917 καὶ
1282 2853 1414 2956 Κήφαςω
1425 2851 1460 2915 in
1476 2852 1539 2948 Kc}

315 2961 391 3087 lh
404 2944 811 3105 {attributati
825 2945 906 3089 lh
927 2937 1179 3106 ,illiciti
1193 2936 1539 3104 linhchlllll

316 3109 419 3174 visum
435 3113 484 3172 est
499 3109 519 3172 J
521 3126 587 3188 esu,
603 3113 716 3189 utpote
732 3110 787 3190 qui
801 3111 871 3190 ipse
886 3110 1014 3189 saepius
1029 3110 1132 3173 iratus
1148 3128 1219 3174 csse
1233 3108 1359 3190 legitur.

400 3193 429 3257 5.
452 3193 629 3274 Lectiones,
646 3195 762 3274 quibus
778 3195 1028 3276 expediebantur
1041 3194 1245 3276 dogmatibus
1259 3191 1334 3258 fidei
1346 3197 1540 3274 apparenter

317 3281 468 3357 adversa3
492 3278 565 3342 hinc
580 3279 637 3342 Mt.
655 3281 687 3358 1,
711 3279 759 3343 18.
774 3281 807 3344 in
821 3281 1006 3345 minusculis
1021 3281 1100 3369 πρίν
1113 3279 1134 3370 ἢ
1148 3281 1315 3346 συνελθεῖν
1330 3275 1450 3358 decade
1465 3283 1499 3344 et
1511 3296 1538 3339 x.

318 3366 368 3431 25.
384 3365 417 3429 in
433 3365 523 3430 codd.
539 3363 593 3427 BZ
608 3365 738 3430 minusc.
755 3363 855 3455 αὐτῆς
868 3367 924 3433 τὸν
938 3368 1147 3454 πρωτότοκον
1161 3365 1316 3444 deletum,
1341 3365 1397 3429 Mt.
1413 3365 1473 3444 24,
1489 3362 1536 3427 36.

318 3457 351 3517 et
365 3451 424 3514 Mr.
442 3451 496 3530 13,
518 3450 568 3514 32.
585 3447 662 3517 οὐδὲ
678 3448 695 3516 ὁ
710 3446 786 3531 υίός,
808 3452 884 3517 Luc.
902 3451 955 3531 19,
976 3452 1027 3515 41.
1048 3449 1200 3518 ἔκλαυσεν
1222 3451 1388 3531 omissum,
1412 3451 1491 3516 Luc.
1513 3465 1536 3511 c.

316 3537 366 3601 22.
383 3554 495 3601 versus
509 3536 560 3601 43.
577 3542 610 3601 ct
623 3535 675 3600 44.
692 3547 868 3616 expunctus
882 3537 915 3601 in
931 3538 1021 3603 codd.
1037 3537 1110 3616 ΑΒ;
1131 3538 1181 3602 Jo.
1199 3538 1226 3617 7,
1242 3537 1292 3601 39.
1308 3537 1350 3600 ad
1365 3534 1463 3602 οἰίπω
1478 3533 1537 3618 γὰρ

316 3616 353 3711 ἦν
367 3624 496 3706 πνεῦμα
511 3618 602 3706 ἅγιον
615 3622 648 3686 in
663 3623 730 3688 cod.
746 3623 783 3686 B.
798 3623 1002 3704 participium
1017 3621 1201 3707 δεδομένον,
1222 3622 1255 3686 in
1274 3621 1405 3687 minusc.
1427 3618 1536 3696 δοθέν,

315 3708 348 3776 in
364 3707 432 3772 cod.
453 3705 507 3770 D*
527 3702 580 3775 ἐπ’
603 3704 714 3787 αὐτοῖς
734 3709 893 3789 additum,
914 3710 989 3774 Luc.
1005 3710 1040 3789 2,
1063 3709 1113 3774 33.
1133 3707 1188 3774 καί
1207 3702 1282 3797 ήνὸ
1305 3707 1413 3795 πατήρ
1438 3702 1539 3773 αὐτοῦ

316 3793 371 3859 καί
394 3790 413 3881 ή
434 3793 539 3882 μήτηρ
553 3793 798 3878 Ιθαυμεοίζοντος
822 3795 854 3859 in
880 3795 934 3860 καί
955 3790 991 3882 ήν
1014 3791 1174 3883 ὁἸωσήφ
1195 3792 1251 3860 καὶ
1271 3791 1290 3882 ή
1310 3792 1414 3880 μήτηρ
1437 3787 1535 3858 αὐτοῦ

316 3885 420 3964 deep.
436 3884 621 3944 correctum.
1528 3955 1534 3967 ¹

402 3965 430 4028 6.
460 3965 640 4044 Lectiones
672 3965 787 4046 quibus
811 3984 979 4031 occurrere
1007 3964 1181 4030 studebant
1208 3963 1262 4044 iic,
1293 3981 1376 4045 quae
1404 3959 1526 4044 puritat

317 4050 481 4115 doctrinae
495 4051 624 4114 moralis
638 4050 760 4131 obesse,
775 4058 832 4115 aut
844 4069 1033 4132 quocunque
1044 4051 1137 4116 modo
1148 4049 1328 4131 periculosa
1339 4048 1536 4120 videbantur,

317 4136 417 4201 veluti
431 4136 582 4217 pericopa
597 4137 637 4200 de
657 4138 789 4202 muliere
808 4137 956 4202 adultera
978 4138 1027 4201 Jo.
1051 4137 1084 4215 8,
1108 4137 1136 4199 3.
1157 4154 1262 4216 seqq.,
1288 4135 1328 4199 ab
1350 4134 1390 4198 iis
1412 4131 1535 4204 omissa,

317 4223 434 4371 ήοὶοιω
460 4223 557 4288 Jesus
583 4221 769 4288 mulieribus
795 4223 951 4289 adulteris
976 4223 1198 4303 impunitatem
1228 4221 1401 4286 concedere
1431 4215 1535 4285 crode-

339 4313 421 4372 atur.

404 4394 431 4457 7.
462 4393 647 4472 Lectiones,
670 4412 752 4474 quae
767 4393 990 4460 miraculosam
1004 4391 1162 4458 factorum
1182 4391 1321 4457 indolem
1342 4391 1444 4473 magis
1466 4403 1534 4452 con-

319 4479 461 4560 spicuam
476 4479 624 4559 reddunt,
641 4484 677 4543 ut
689 4479 709 4542 J
711 4498 738 4543 0.
751 4478 780 4559 8,
795 4479 846 4544 59.
862 4479 1003 4547 διελθών
1018 4479 1072 4545 διὰ
1086 4479 1188 4563 μέσον
1204 4473 1381 4544 αὐτῶνκαὶ
1396 4473 1535 4563 παρῆγεν

319 4561 423 4645 οὕτως
437 4584 495 4647 pro
510 4564 628 4654 ξήλθεν
643 4564 679 4632 ἐκ
692 4566 750 4632 τοῦ
766 4561 863 4651 ίεροῦ.
