3356 5176
819 345 858 348 ,.
928 307 970 372 34
1014 345 1075 350 -..-.

341 481 502 557 receptam
525 476 655 558 reliquit
682 476 857 557 epistolam.
904 475 1122 541 Concedamus
1144 495 1219 541 vero
1242 481 1275 539 et
1297 475 1468 539 secundam
1491 475 1555 555 eJus

340 580 425 640 esse;
449 563 489 626 de
511 563 570 626 hac
593 563 675 626 enirn
698 563 878 642 ambigitur.
923 562 996 626 Jam
1011 582 1087 627 vero
1103 562 1180 643 quid
1200 561 1368 626 dicendum
1388 565 1437 624 est
1452 560 1492 623 de
1512 579 1555 638 eo,

340 647 395 727 qui
410 648 440 710 in
458 649 528 712 sinu
544 648 622 711 Jesu
637 648 791 726 recubuit,
807 648 827 711 J
830 649 953 712 oanne?
991 648 1052 724 Qui
1067 647 1196 728 quidem
1210 665 1307 710 unum
1322 645 1452 726 reliquit
1467 665 1556 710 evan-

339 732 524 813 geliu1n;—-
540 733 668 812 scripsit
682 739 831 813 praterea
846 733 1080 812 revelationem,
1091 769 1132 776 —-
1144 733 1273 813 scripsit
1285 732 1380 795 etiam
1393 730 1557 812 epistolam

339 818 510 882 admodum
526 819 667 896 brevem,
683 818 739 882 sed
752 819 970 898 concedamus,
986 819 1013 882 si
1028 819 1142 899 placet,
1156 823 1189 882 et
1204 817 1375 882 secundam
1388 822 1420 880 et
1431 817 1558 882 tertiam

338 902 453 966 abillo
477 903 629 984 scriptam
654 922 737 982 esse3
767 923 870 984 neque
895 905 976 968 enim
1000 904 1058 968 has
1081 904 1234 985 genuinas
1254 902 1339 966 illius
1360 921 1431 966 esse
1452 919 1558 966 omnes

339 989 553 1066 consentiunt,
574 989 687 1054 ambae
709 993 815 1054 tamen
830 990 881 1052 vix
901 994 1027 1054 centurn
1047 990 1166 1054 stichos
1186 988 1371 1052 continent²
1415 987 1559 1069 Denique

339 1073 501 1156 ομύιίοίοοι
522 1075 639 1137 Jacob·
658 1077 797 1137 nominat
821 1087 849 1137 et
872 1075 976 1157 cz'tcffl,
1000 1091 1028 1137 et
1049 1075 1211 1159 ομιζτίοίαοι
1234 1074 1339 1136 ‘lullae
1359 1073 1474 1156 absque
1491 1070 1557 1132 ullo

338 1157 541 1221 haesitatione
556 1161 693 1244 νοοιμῦί.3

898 1294 925 1376 ς.
949 1296 999 1360 τι.

789 1431 817 1499 β)
837 1430 948 1483 canon
964 1431 1107 1482 Eusebii.

424 1582 578 1647 Eusebius
596 1583 723 1648 Caesar.
739 1584 772 1647 in
786 1584 859 1649 hist.
876 1603 937 1651 ecc.
954 1584 1011 1648 Ill.
1027 1585 1078 1650 25.
1095 1584 1154 1650 Sub
1170 1583 1278 1648 titulo:
1304 1581 1386 1664 Περὶ
1401 1585 1467 1648 τῶν
1483 1579 1557 1665 ὁμο

337 1668 541 1752 λογουμένων
553 1667 656 1735 θείων
667 1674 804 1819 γραγριῦν
818 1673 870 1735 καὶ
887 1674 951 1735 τῶν
961 1672 1006 1767 μλγ
1018 1672 1175 1736 τοιούτων
1189 1669 1280 1733 nobis
1295 1667 1425 1749 reliquit
1438 1667 1558 1748 consig-

340 1753 501 1818 nationem
516 1753 668 1819 librorum
684 1755 721 1818 N.
764 1807 769 1818 .
787 1755 961 1837 catalogus
976 1756 1036 1834 luc,
1052 1756 1106 1836 qui
1121 1756 1154 1820 in
1166 1755 1300 1818 diversis
1315 1753 1388 1816 hist.
1406 1772 1467 1818 ecc.
1483 1752 1559 1817 locis

338 1837 467 1903 uberius
478 1839 658 1904 illustratur
670 1846 703 1905 et
713 1841 901 1920 vindicatur,
915 1847 1093 1905 memoratu
1105 1841 1309 1921 dignissimus
1322 1845 1380 1918 est,
1396 1839 1472 1920 quia
1487 1856 1559 1902 auc-

337 1928 389 1989 tor
405 1944 467 1988 non
483 1944 573 1989 suam
589 1926 701 2005 solius,
718 1926 870 1992 ecclesiae
887 1945 964 1991 suae
980 1933 1037 1990 aut
1051 1926 1205 2007 temporis
1219 1925 1355 2007 proximi
1370 1924 1560 1988 sententiam

337 2028 488 2091 sequens;
504 2012 561 2075 sed
576 2012 728 2076 historica
742 2013 987 2094 investigatione
1002 2013 1191 2092 praemissa,
1214 2010 1366 2076 severiori
1382 2009 1456 2076 crisi
1470 2009 1560 2073 adhi-

336 2095 414 2174 bita,
426 2101 459 2160 et
469 2097 628 2176 jacturam
643 2098 859 2178 antiquiorum
875 2099 1066 2178 scriptorum
1078 2117 1116 2162 ex
1131 2101 1223 2177 parte
1236 2113 1444 2176 compensans
1457 2094 1560 2173 docet,

337 2180 414 2260 quid
429 2181 530 2245 omnis
555 2188 641 2246 retro
656 2183 831 2263 antiquitas
854 2183 1168 2248 catholicasenserit
1183 2183 1223 2247 de
1246 2181 1374 2261 scriptis
1397 2180 1435 2243 N.
1452 2180 1497 2259 Τ,
1522 2179 1562 2244 de

339 2272 474 2345 quorum
489 2268 681 2332 auctoritate
697 2269 847 2333 canonica
862 2269 1009 2349 quaestio
1024 2268 1144 2333 moveri
1158 2270 1292 2348 posset.⁴

409 2472 418 2500 ¹
435 2475 543 2537 Πέτρος
565 2471 604 2536 δὲ,
626 2468 669 2540 ἐφ’
686 2461 709 2540 ᾧ
730 2472 923 2540 οἰκοδομεῖται
943 2469 1102 2542 ἡΧριστοῦ
1119 2471 1254 2536 ἐκκλησία,
1272 2499 1305 2507 -
1323 2475 1392 2540 μίαν
1409 2466 1565 2535 ἐπιστολὴν

339 2533 572 2610 ὁμολογουμένην
585 2542 797 2594 καταλέλοιπεν·
817 2542 888 2594 ἔστω
902 2541 932 2592 δὲ
950 2545 995 2592 καλ
1007 2541 1152 2610 δευτέραν·
1171 2537 1371 2611 ἀμηιβάλλεται
1383 2534 1444 2607 γάρ.
1472 2540 1508 2590 Τλ
1522 2538 1567 2590 δεῖ

340 2611 404 2674 περὶ
420 2608 469 2659 τοῦ
481 2606 675 2666 ἀναπεσόντας
686 2610 777 2677 λέγειν
790 2611 838 2662 ἐπὶ
851 2605 882 2661 τὸ
901 2609 1005 2676 στῆθος
1023 2609 1074 2661 τοῦ
1083 2607 1182 2674 Ἰησοῦ,
1194 2605 1335 2669 Ἰωάννου,
1353 2604 1384 2665 ὃς
1400 2606 1566 2675 εὐαγγέλιον

339 2672 370 2726 ἓν
382 2679 592 2729 καταλέλοιπεν·
607 2676 711 2746 ἔγραψε
726 2677 813 2730 δὲκαὶ
827 2674 877 2742 τὴν
889 2674 1081 2743 ἀποκάλυψιν·
1100 2706 1133 2714 -
1150 2679 1331 2730 καταλέλοιπε
1344 2675 1375 2728 δὲ
1387 2679 1433 2727 καὶ
1445 2675 1564 2726 έπιστο-

339 2739 390 2806 λὴν
403 2740 481 2796 πάνυ
491 2742 593 2814 ὀλίγων
606 2750 722 2812 στίχων·
741 2745 813 2797 ἔστω
827 2745 856 2796 δὲ
870 2749 915 2796 καὶ
927 2746 1060 2813 δευτέραν
1072 2749 1117 2798 καὶ
1130 2749 1234 2816 τρίτην,
1254 2746 1315 2796 ἐπεὶ
1328 2742 1361 2796 ού
1375 2738 1479 2800 πάντες
1491 2746 1566 2810 φασὶ

339 2809 1015 2935 ⁷⁷⁰‘'ltttltt'dtttdttldbl‘ffl
1028 2810 1306 2934 λλλόῖἶρλύλύλλ
1353 2900 1374 2933 τ,
1395 2882 1419 2936 ις
1432 2877 1488 2931 ιιι
1529 2897 1567 2931 ο

339 2946 470 3018 τιηγάνη,
488 2919 661 3027 νεκρύιξστιν
678 2947 694 3014 ἡ
711 2920 804 3002 τοιαῦτ
825 2989 834 3026 ,
854 2949 891 3009 ιύς
904 2900 1117 3021 έύντζαιύερολύέτν
1130 2901 1276 3016 ’,Ἰακώβου
1289 2899 1428 3026 έῦύιγστύλη
1437 2899 1564 3025 dudm.

363 3035 399 3070 εν.
425 3015 570 3069 Commeat.
584 3033 611 3068 m
623 3033 664 3084 ep.
678 3016 712 3068 ad
724 2971 857 3070 Romlrb.
871 3016 929 3069 IV.:
955 2971 1028 3080 „llec
1042 3016 1114 3070 solus
1120 2971 1176 3069 lanc
1189 3015 1289 3069 Paulus
1302 3032 1329 3067 m
1342 3031 1397 3068 suis
1410 3001 1487 3070 lrbns
1501 3031 1564 3068 scn-

338 3037 390 3148 llo
403 3082 466 3135 audi
478 3091 504 3136 et
515 3084 653 3150 Jacobum,
666 3085 776 3137 fratrem
782 3085 897 3144 Domini,
910 3085 1007 3137 similia
1015 3091 1215 3152 protestantem,
1228 3101 1288 3137 cum
1298 3084 1374 3136 dicit:
1386 3084 1437 3153 Qui
1447 3083 1561 3137 voluerit

338 3151 510 3214 amicusesse
523 3153 624 3205 saeculi
634 3153 723 3219 hujus,
742 3153 864 3206 inimicus
878 3153 928 3205 Dei
940 3155 1132 3206 constituetur*
1145 3152 1212 3220 (δυο.
1225 3154 1250 3218 4,
1261 3153 1306 3220 4.).
1338 3152 1417 3207 Ibid.:
1439 3153 1561 3220 Denique

338 3226 365 3272 et
377 3220 394 3272 J
395 3220 493 3273 acobus
505 3220 650 3286 Apostolus
659 3221 698 3272 ita
710 3221 786 3274 dicit:
804 3221 948 3286 „Resistite
960 3221 1072 3286 diabolo,
1091 3229 1117 3274 et
1129 3222 1158 3273 fu
1179 3222 1214 3273 'et
1225 3237 1242 3274 a
1253 3221 1337 3289 vobis3
1350 3223 1561 3290 appropinquate

339 3289 404 3352 Deo,
416 3293 444 3340 et
454 3289 676 3356 appropinquabit
687 3289 777 3342 vobis“
790 3288 858 3356 (Jac.
870 3288 895 3353 4,
909 3289 932 3341 7.
945 3291 990 3357 8.).
1014 3290 1080 3342 Ibid.
1093 3291 1139 3343 lib.
1151 3238 1210 3342 Ill:
1224 3290 1299 3343 Sicut
1310 3290 1462 3344 etJacobus
1475 3297 1559 3358 apost.

339 3356 414 3409 dicit:
437 3355 520 3410 Omne
532 3357 624 3410 datum
635 3357 746 3422 bonum,
763 3363 789 3410 et
801 3372 878 3410 omne
890 3357 988 3410 donum
999 3359 1148 3425 perfectum
1160 3358 1302 3411 desursum
1313 3364 1355 3412 est
1366 3359 1534 3412 descendens
1546 3372 1561 3408 a

339 3424 418 3508 Patre
430 3424 559 3478 luminum
573 3426 640 3509 (dac.
656 3428 678 3490 l,
692 3426 752 3493 lt).
776 3425 874 3508 §elect
892 3426 919 3478 in
931 3427 1025 3492 psalm.
1039 3428 1080 3479 30.
1098 3426 1134 3488 ὡς
1147 3427 1221 3496 παρὰ
1231 3424 1356 3496 Ἰακώβῳ,
1374 3427 1471 3498 ὥσπερ
1486 3429 1517 3481 δὲ
1531 3425 1560 3479 τὸ

340 3510 422 3596 awa}
429 3498 917 3619 ycogffilcngnvtequaffirffipfflmvffl
935 3566 965 3619 δὲ
982 3570 1027 3618 καὶ
1042 3563 1092 3633 τὴν
1102 3560 1176 3620 ‘Iade
1190 3562 1329 3634 πρόσοιτο
1343 3569 1384 3624 τλς
1396 3561 1560 3630 ἐπιστολὴν,

324 3675 326 3679 .
339 3628 430 3698 ὁράτω
442 3633 465 3684 λ.
489 3631 555 3684 Ibid.
580 3639 634 3686 Καὶ
645 3631 751 3693 Ἰούδας
763 3633 886 3704 ἔγραψεν
898 3632 1051 3702 ἐπιστολὴν
1064 3631 1244 3704 ὀλιγόστιχσν
1255 3633 1317 3702 μὲν,
1336 3636 1561 3706 πεπληρωμένην

341 3701 371 3753 δὲ
390 3700 445 3752 τῶν
462 3702 510 3766 τῆς
527 3699 660 3767 οὐρανίου
667 3696 786 3768 χάριτος
805 3703 971 3771 ἐρρωμένων
988 3699 1094 3772 λόγων,
1116 3701 1194 3760 ὅστις
1206 3703 1236 3756 ἐν
1249 3702 1289 3770 uqi
1301 3707 1426 3771 προιμίιρ
1442 3707 1560 3769 εἴρηκεν·

337 3764 451 3831 Ἰούδας,
464 3766 554 3835 Ἰησοῦ
563 3771 691 3838 Χριστοῦ
703 3771 812 3834 δοῦλος,
826 3769 947 3840 ἀδελφὸς
959 3773 989 3824 δὲ
1000 3767 1133 3836 Ἰακώβου.
1154 3769 1225 3822 Com.
1238 3769 1265 3820 in
1278 3785 1318 3836 ep.
1332 3767 1366 3821 ad
1375 3767 1451 3820 Rom.
1465 3769 1511 3821 lib.
1521 3766 1559 3818 V.:

340 3833 492 3901 „Quomodo
503 3835 591 3900 etiam,
604 3835 673 3906 quod
684 3836 703 3889 J
703 3837 771 3890 udas
783 3836 927 3904 Apostolus
940 3838 967 3890 in
980 3836 1091 3905 epistola
1104 3836 1173 3890 cath.
1187 3837 1259 3902 dicit,
1276 3837 1374 3904 poterit
1385 3836 1526 3903 explanari
1532 3837 1559 3887 θ’

339 3903 386 3955 Ait
398 3901 470 3998 eninr
478 3902 529 4023 ιίρι
543 3904 675 3972 ,Angelos
687 3921 798 3974 quoque,
810 3905 855 3972 qui
868 3922 920 3958 non
932 3911 1104 3958 servaverunt
1115 3905 1295 3973 principatum
1308 3921 1393 3969 suum,
1406 3905 1454 3958 sed
1466 3901 1560 3958 dereli-

340 3971 688 4094 querlmtlarlorlldsicwsltlrat.
711 4040 839 4128 Εύλογον
852 4042 876 4096 δ’
890 4043 1011 4096 ἐνταῦθα
1029 4046 1211 4114 γενομένους,
1232 4039 1498 4112 ἀνακεηαλαιιύσθαι
1516 4039 1561 4098 τὰς

340 4109 513 4174 δηλωθείσης
533 4111 580 4178 τῆς
595 4112 688 4177 καινῆς
706 4112 840 4179 διαθηκης
856 4109 977 4184 γραφός’
1001 4117 1046 4164 καλ
1065 4109 1099 4178 δὴ
1114 4116 1228 4165 τακτέον
1240 4113 1270 4166 έν
1284 4109 1406 4178 πρώτοις
1419 4109 1471 4179 τὴν
1482 4108 1561 4180 ἁγίαν

340 4178 396 4233 τῶν
408 4176 576 4247 εὐαγγελίων
594 4177 755 4249 τετρακτήν·
781 4176 823 4240 οἷς
841 4181 937 4234 ἕπεται
956 4179 971 4245 ἡ
990 4181 1046 4234 τιῦν
1064 4177 1191 4250 πράξεων
1204 4181 1260 4234 τῶν
1271 4176 1440 4233 ἀποστόλων
1451 4173 1558 4250 γραφή·

337 4243 411 4330 μετὰ
432 4247 463 4298 δὲ
487 4243 589 4313 ταύτην
611 4245 658 4307 τὰς
674 4245 787 4301 Παύλου
807 4252 989 4303 κακαλεκτέον
1006 4244 1168 4308 ἐπιστολάς·
1190 4243 1233 4307 αἶς
1249 4248 1310 4313 ἑξῆς
1330 4246 1380 4316 τὴν
1400 4252 1560 4320 φερομένην

344 4311 469 4368 Ιωάννου
486 4319 633 4387 προτέραν,
654 4320 700 4368 καὶ
717 4313 822 4387 ὁμοίως
842 4315 892 4383 την
908 4320 1020 4386 Πέτρου
1037 4321 1177 4388 κυρωτέον
1189 4313 1354 4384 ἐπιστολήν·
1386 4317 1434 4368 έπλ
1452 4312 1561 4370 τούτοις

341 4386 463 4448 τακτέον,
477 4388 532 4452 είγε
545 4383 654 4455 μανείη,
673 4381 724 4450 τὴν
736 4382 917 4451 ἀποκάλυψιν
928 4382 1066 4450 Ἰωάννου,
1085 4390 1150 4452 περὶ
1162 4373 1194 4452 ἧς
1207 4382 1239 4437 τὰ
1252 4382 1373 4444 δόξαντα
1384 4382 1454 4438 κατὰ
1466 4379 1560 4454 καιρὸν

341 4446 533 4520 ἐκθησόμεθα·
543 4457 589 4505 καλ
600 4454 684 4505 ταῦτα
693 4453 746 4520 μὲν
756 4453 787 4509 ἓν
794 4450 1044 4524 ὁμολογουμένοις.
1061 4455 1125 4508 Τιῦν
1135 4451 1159 4506 δ’
1171 4453 1403 4522 ἀντιλεγομένων,
1412 4458 1560 4520 γνωρίμων

341 4515 365 4570 δ’
380 4515 431 4572 οῦν
444 4516 520 4587 ὅμως
533 4527 592 4580 τοῖς
604 4524 730 4581 πολλοῖς,
750 4519 765 4586 ἡ
779 4525 915 4590 λεγομένη
926 4519 1053 4588 Ἰακώβου
1065 4527 1179 4593 φέρεται
1191 4527 1238 4574 καὶ
1250 4544 1266 4588 η
1278 4521 1376 4583 Ἰούδα,
1389 4519 1436 4589 ἥτε
1452 4526 1560 4585 Πέτρον

340 4586 455 4658 δευτέρα
469 4586 610 4653 ἐπιστολὴ,
628 4594 673 4641 καὶ
687 4587 701 4657 ἡ
714 4586 907 4662 ὀνομαζομένη
921 4590 1035 4658 δευτέρα
1047 4597 1092 4646 καὶ
1105 4596 1183 4663 τρίτη
1194 4587 1331 4656 Ἰωάννου,
1351 4595 1405 4644 είτε
1419 4591 1470 4643 τοῦ
1482 4585 1558 4653 εὐαγ-
