3356 5176
665 279 908 340 ,5,-

173 448 204 512 16
213 466 238 512 6.
247 447 342 512 Ρ61111
353 447 515 528 epistolas,
525 454 558 515 et
566 449 698 515 notitias
711 451 751 516 de
761 449 857 531 hujus
864 449 1011 531 Apostoli
1020 449 1087 513 vita
1097 449 1230 514 addidit.
1247 451 1400 532 synopsis

171 533 227 598 illa
241 551 352 598 omnes
367 535 590 615 complectitur
603 536 702 601 libros
717 553 826 628 sacros
837 535 874 600 V.
891 541 924 600 et
938 535 977 598 N.
987 535 1031 615 Τ.,
1048 535 1088 600 de
1102 535 1249 615 partibus
1262 536 1399 601 Canonis

173 619 316 699 disserit,
339 620 414 685 dein
429 621 469 686 de
485 621 617 702 singulis
632 621 723 686 libris
744 640 918 702 eorumque
932 620 1144 700 auctoribus‚‘
1155 622 1196 686 de
1211 626 1399 704 argumento

173 710 247 783 etc.;
263 705 332 786 agit
346 725 442 786 porro
458 708 499 772 de
510 707 760 790 antilegomenia
777 708 818 771 de
829 706 1029 789 apocryphis,
1045 708 1086 773 de
1096 707 1297 772 versionibus
1307 727 1399 790 grae·

172 790 217 856 cis
232 791 270 855 V.
287 791 322 854 F.
339 797 372 856 et
386 791 485 858 libros
500 794 686 874 deperditos
701 797 855 858 recenset.
878 829 921 838 -
944 792 1073 856 Cosmus
1088 792 1331 878 Iuda‘ooploaates
1347 813 1399 859 co-

172 877 376 959 gnominatus
391 876 488 958 (sace.
504 879 583 961 VI.)‚
604 879 636 944 in
652 899 761 961 opere:
785 879 821 942 de
843 877 964 962 opificio
985 877 1100 940 mundi
1117 901 1171 940 aea
1193 880 1399 964 topographia

173 963 349 1026 christiana
369 963 421 1026 lib.
444 965 477 1028 V.
498 965 576 1030 data
602 967 768 1030 occasione
788 965 990 1030 collectiones
1016 963 1121 1028 adfert
1145 964 1333 1029 notitiarum
1359 966 1400 1030 de

172 1048 302 1129 scriptis
318 1049 486 1130 canonicis,
502 1051 543 1116 de
558 1069 669 1116 66111111
684 1051 878 1130 auctoribus,
895 1052 935 1115 de
951 1049 1090 1129 consilio,
1105 1056 1294 1131 argumento
1310 1057 1369 1115 etc.

257 1134 347 1199 Aevo
363 1136 468 1200 medio
484 1155 555 1200 cum
571 1136 642 1201 aliis
658 1137 799 1202 scientiis
815 1136 912 1201 etiam
926 1135 1121 1200 introductio
1139 1153 1253 1216 parum
1274 1136 1399 1201 coleba-

171 1225 238 1298 tur,
264 1239 337 1284 oum
356 1240 397 1286 ne
415 1222 537 1303 proprii
559 1222 687 1303 quidem
707 1223 834 1287 labores
850 1221 1004 1303 exegetici
1019 1221 1271 1301 susciperentur,
1295 1221 1399 1285 sedin

172 1306 389 1386 antiquiorum
404 1307 548 1389 vestigiis
563 1309 705 1374 terendis
720 1309 813 1373 unice
827 1307 1066 1388 acquiescentes
1082 1305 1202 1371 scholia
1223 1311 1256 1372 et
1274 1307 1399 1388 glossas

173 1391 360 1472 colligerent
374 1397 569 1474 catenasque
589 1393 793 1473 conficerent,
818 1393 935 1475 quibus
955 1393 1167 1473 interpretum
1183 1393 1399 1474 antiquiorum

172 1477 398 1559 prolegomena
409 1479 573 1560 praemitti
583 1480 738 1545 solebant.
753 1479 914 1544 Haereses
925 1478 1073 1543 nimirum
1085 1477 1234 1543 continuo
1250 1497 1399 1543 enascen-

172 1568 220 1627 tes
233 1581 327 1628 omne
338 1561 406 1628 iere
417 1565 559 1629 studium
570 1566 613 1630 ad
627 1566 815 1646 polemicam
831 1569 1062 1643 converterant,
1078 1568 1111 1628 et
1124 1565 1310 1645 ingruentes
1325 1564 1399 1628 dein

173 1647 398 1729 Vandalorum
412 1649 590 1715 Gothorum
602 1651 801 1732 aliorumque
815 1652 1007 1732 populorum
1021 1649 1149 1713 rudium
1163 1649 1279 1714 turbae
1294 1668 1400 1714 sacra·

173 1735 291 1800 tiorum
314 1734 480 1800 literarum
503 1737 618 1801 studiis
641 1737 769 1802 minime
783 1736 943 1815 favebant,
965 1736 1012 1801 ita
1026 1740 1064 1799 ut
1079 1735 1297 1801 describendis
1313 1735 1399 1800 codi-

174 1820 262 1886 cibus
291 1825 324 1885 et
345 1821 449 1886 triviis
477 1823 717 1905 quadriviisque
743 1822 937 1887 omniafere
963 1821 1131 1889 literatura
1154 1820 1398 1886 absolveretur.¹

173 1907 280 1972 Etiam
295 1906 426 1972 minoris
441 1909 592 1973 momenti
607 1914 694 1989 sunt,
719 1927 802 1989 quae
820 1909 880 1973 hoc
899 1912 1045 1989 tempore
1058 1906 1091 1970 in
1107 1905 1274 1986 disciplina
1288 1910 1399 1971 nostra

173 1992 211 2057 ab
229 1994 424 2071 Occumeoc'o,
451 1993 673 2078 Vbeopbylucto
694 2008 721 2057 at
736 1994 905 2078 Euthynico
920 1993 1088 2075 Zanabeaq
1110 1991 1195 2056 inter
1209 1991 1342 2056 Latinos
1357 1991 1398 2056 ab

173 2077 309 2142 Alcaico
329 2078 363 2141 in
383 2077 480 2143 libro:
505 2129 526 2159 ‚,
534 2079 705 2162 disputatio
713 2077 913 2163 1166666666(
934 2096 959 2143 c.
976 2077 1004 2141 8.
1028 2076 1141 2142 effecta
1161 2081 1243 2140 sunt.
1289 2077 1398 2142 Serius

173 2163 451 2244 praestantissima
464 2165 592 2247 ingenia
607 2183 699 2230 omne
714 2164 856 2230 studium
869 2164 904 2228 in
915 2162 1109 2244 theologiam
1121 2163 1166 2228 sic
1178 2162 1296 2228 dictam
1308 2163 1399 2227 scho-

173 2250 318 2316 lasticam
333 2254 566 2315 converterunt.

256 2336 372 2400 Indea
391 2353 473 2400 saec.
489 2336 573 2400 XIV.
594 2335 687 2416 plura
707 2336 859 2418 adjuncta
879 2334 986 2399 studio
1007 2332 1124 2399 biblico
1150 2337 1182 2397 61
1205 2333 1345 2398 16611616
1366 2333 1399 2397 16

175 2422 281 2503 specie
301 2421 529 2487 introductioni
547 2422 743 2503 patrocinari
762 2425 944 2502 coeperunt.
980 2420 1072 2483 Anno
1095 2418 1243 2483 nimirum
1260 2419 1351 2483 1311.
1366 2418 1399 2481 in

174 2507 304 2574 concilio
327 2507 499 2571 Viennensi
521 2511 679 2572 statutum
703 2512 769 2588 est,
795 2512 832 2571 ut
853 2507 885 2570 in
909 2505 1114 2571 scientiarum
1136 2503 1399 2568 universitatibus

174 2593 346 2659 cathedrae
368 2591 548 2674 linguarum
570 2592 773 2658 orientalium
795 2593 1007 2674 erigerentur3
1036 2590 1164 2654 inventa
1186 2589 1399 2671 typographia

173 2678 271 2760 (intra
286 2697 336 2743 an.
355 2678 590 2760 1440-1450.)
606 2680 703 2744 etiam
723 2679 797 2743 libri
817 2678 900 2743 sacri
918 2677 1021 2759 magis
1041 2681 1073 2741 ct
1092 2675 1207 2741 minori
1226 2675 1330 2756 pretio
1351 2674 1399 2738 di·

172 2765 396 2847 vulgabantur,
413 2769 446 2828 et
460 2763 626 2830 literarum
641 2765 674 2829 in
688 2783 806 2846 genere
816 2762 1043 2829 reflorescebat
1053 2761 1194 2840 .cultura;
1211 2780 1292 2826 anno
1307 2760 1398 2824 1453.

173 2849 448 2929 Constantinopoli
473 2868 494 2913 a
518 2850 629 2914 Turcis
655 2854 811 2931 occupata
834 2849 1029 2913 Graecorum
1055 2847 1255 2911 erirditorum
1280 2844 1398 2926 plures,

173 2936 298 3002 codices
313 2933 464 3015 profanos
480 2940 513 2999 et
527 2953 636 2999 sacros
651 2953 759 3000 secum
774 2937 954 3015 portantes,
977 2933 1010 2996 in
1025 2931 1119 2995 ltalia
1139 2930 1297 3012 refugium
1311 2931 1398 2994 inve·

172 3025 296 3088 nerunt.
322 3020 405 3085 Hinc
416 3021 484 3102 jam
494 3020 647 3084 Mrolacs
659 3021 810 3104 Lyraaos
825 3018 859 3101 (1
877 3017 982 3098 1340.)
998 3015 1135 3098 postillis
1150 3015 1217 3080 suis
1232 3015 1398 3096 perpetuis

171 3108 203 3172 in
216 3108 255 3172 V.
273 3111 306 3172 et
321 3106 359 3170 N.
376 3106 410 3170 T.
427 3107 549 3171 Romae
565 3105 656 3170 1471.
677 3105 844 3187 praemisit
863 3102 1103 3186 prolegomena,
1126 3101 1159 3166 in
1179 3101 1295 3182 quibus
1315 3119 1398 3181 quae

172 3194 210 3258 ab
226 3191 369 3273 antiquis
384 3192 551 3273 praeclara
566 3196 658 3257 erant
673 3191 771 3270 dicta,
789 3191 922 3256 collecta
937 3188 1139 3268 exhibentur,
1162 3193 1194 3253 et
1209 3186 1320 3251 Sontes
1335 3186 1398 3248 Po-

169 3281 285 3362 qniaus
300 3278 453 3341 Lucensis
469 3276 503 3359 (†
521 3278 642 3358 1536),
666 3277 865 3358 elucubravit
878 3277 1030 3358 isagogen
1047 3275 1089 3338 ad
1104 3292 1145 3338 ss.
1161 3272 1272 3338 literas
1288 3278 1321 3336 et
1335 3272 1398 3336 isa-

172 3383 275 3446 gogen
290 3364 333 3428 ad
347 3364 498 3445 mysticos
514 3382 538 3427 s.
555 3363 734 3445 scripturae
749 3381 875 3442 sensus,
900 3361 975 3426 edit.
993 3359 1100 3425 06166.
1119 3359 1209 3423 1540.
1240 3359 1277 3420 ln
1291 3358 1407 3437 priore-

173 3469 269 3530 opere
291 3450 332 3515 de
350 3449 531 3514 necessaria
551 3449 679 3530 linguae
698 3449 867 3513 hebraicae
890 3446 1071 3528 cognitione
1093 3444 1169 3526 agit,
1193 3444 1234 3507 de
1252 3443 1398 3508 versione

173 3553 290 3617 graeca
306 3537 339 3600 et
352 3534 453 3599 latina
468 3535 504 3599 V.
522 3535 566 3614 Τ.,
583 3536 624 3600 de
639 3534 776 3614 Conone,
794 3539 826 3598 et
841 3534 969 3596 demum
983 3530 1092 3613 plures
1107 3528 1254 3610 adjungit
1269 3528 1398 3608 regulas

173 3620 362 3704 exegeticus.
415 3620 525 3702 Longe
554 3639 630 3686 vero
659 3619 889 3700 praecedentes
919 3615 1084 3697 superavit
1113 3611 1223 3677 816661
1253 3612 1398 3677 Senonas

172 3704 205 3787 (1
222 3705 340 3786 laco),
356 3704 377 3769 J
379 3706 501 3770 udaeus
516 3710 621 3786 natus,
637 3706 780 3771 ordinem
796 3723 820 3770 s.
836 3702 999 3767 Francisci
1022 3706 1054 3766 61
1075 3699 1179 3765 serius
1199 3717 1223 3762 s.
1239 3699 1397 3763 Dominici

172 3791 345 3872 professus,
362 3791 417 3871 qui
431 3790 464 3854 in
478 3790 672 3857 bibliotheca
687 3795 798 3855 sancta
813 3787 956 3855 Venetiis
974 3786 1065 3852 1586.
1082 3790 1154 3851 6616
1169 3785 1260 3850 libris
1275 3783 1343 3866 agit
1358 3785 1412 3849 dev

173 3896 314 3956 numero,
334 3875 507 3957 partitione
523 3882 555 3942 61
570 3877 764 3942 auctoritate
778 3875 957 3940 divinorum
972 3872 1183 3949 voluminum3
1206 3870 1246 3934 de
1261 3869 1397 3951 scriptu·

173 3964 217 4028 ris
233 3967 266 4027 et
282 3962 502 4042 scriptoribus
519 3981 655 4044 quorum
669 3963 702 4025 in
717 3980 759 4026 ss.
775 3959 988 4027 voluminibus
1003 3957 1039 4022 fit
1054 3956 1187 4035 mentio;
1210 3956 1250 4020 de
1266 3953 1397 4020 catholi-

174 4049 217 4114 cis
244 4066 285 4112 ss.
309 4047 504 4112 voluminum
524 4048 772 4130 expositoribus
800 4047 841 4113 de
862 4043 1121 4110 annotationibus
1144 4047 1177 4106 et
1202 4040 1343 4105 censuris
1365 4039 1397 4103 16

174 4133 371 4216 expositores
387 4134 424 4198 V.
441 4138 474 4198 et
484 4132 522 4198 N.
535 4133 585 4213 Τ.;
601 4135 642 4198 de
657 4133 706 4197 his
721 4132 771 4198 vel
786 4132 941 4196 adversus
957 4149 1020 4210 eos,
1037 4129 1091 4210 qui
1107 4128 1144 4190 V.
1161 4132 1194 4191 et
1207 4125 1246 4189 N.
1258 4124 1292 4188 T.
1308 4124 1397 4223 voln-

174 4220 258 4284 mina
273 4223 507 4300 oppugnarumt.
538 4220 572 4285 Si
587 4219 796 4300 respiciamus
811 4218 853 4282 ad
867 4222 1004 4298 tempus,
1028 4232 1108 4295 opus
1123 4213 1183 4277 hoc
1197 4211 1397 4308 praestantia

175 4305 232 4369 suat
251 4324 314 4370 non
333 4305 428 4370 modo
447 4305 692 4385 praecedentes,
715 4304 773 4369 sed
793 4303 890 4369 etiam
910 4302 1142 4382 subsequentes
1162 4297 1256 4378 hujus
1271 4314 1397 4376 generrs

243 4510 253 4586 ξ
271 4505 402 4586 Trinium:
424 4505 606 4585 grammatica,
618 4505 759 4572 rhetorica,
772 4505 925 4574 dialectica3
947 4502 1122 4573 quadrivium:
1143 4500 1319 4565 arithmetica,
1336 4514 1397 4570 geo-

177 4580 276 4641 metria,
288 4589 391 4629 musrca
402 4580 429 4629 et
440 4580 609 4630 astronomia.
