3314 5166
641 303 927 368 —123—

155 469 242 535 nihil
255 471 375 552 obstat,
391 473 561 552 quominus
576 477 685 538 aetate
694 471 814 538 Christi
829 479 862 539 et
872 473 1101 556 Apostolorum
1113 475 1231 557 duplex
1242 478 1397 545 inPalae-

155 557 250 621 atina
262 557 425 622 exstiterit
439 557 594 640 oppidum
600 558 760 624 Bethania
774 559 905 624 dictum.
933 559 1004 635 Qua
1017 560 1052 624 in
1067 561 1226 626 sententia
1241 582 1279 628 eo
1294 564 1397 646 magis

156 640 1398 729 confirmamur,quodipseJoannesdeutraqueBethanialoquensdiligenter

155 727 257 792 addit
281 727 439 809 epitheta,
466 747 550 810 quae
569 730 611 794 ad
634 729 800 795 clariorem
815 731 885 811 ejus
899 729 1137 796 distinctionem
1153 749 1191 796 ac
1205 734 1398 800 detemrina·

155 813 289 878 tionem
303 814 487 879 inserviant.
512 815 565 880 Sic
578 815 669 894 1,28.
684 814 780 880 dicit:
800 811 853 881 Ἐν
867 813 1022 904 Βηθανίᾳ
1033 817 1139 904 πέραν
1153 821 1211 884 τοῦ
1225 815 1396 905 Ἰορδάνου,

156 898 211 978 11,
231 899 261 962 1.
280 902 389 963 autem
404 900 447 964 ad
461 917 576 965 nomen
590 900 768 965 Bethaniae
784 901 888 965 addit:
903 900 975 984 κώμ
1013 899 1152 989 Μαρίας
1165 903 1219 968 καὶ
1235 904 1396 990 Μάρθας,

157 983 212 1063 12,
233 984 263 1048 l.
282 980 368 1050 ὅπου
384 979 421 1070 ἦν
435 984 597 1072 Λάζαρος
612 983 629 1052 ὁ
644 985 818 1075 τεθνηκώς.
862 986 963 1050 Porro
978 923 1149 1068 brigense,
1173 1003 1208 1052 se
1223 988 1265 1053 ad
1280 989 1398 1054 Jorda-

155 1087 254 1150 nem,
281 1069 338 1133 ubi
353 1069 374 1134 J
376 1087 494 1134 oannes
514 1069 754 1152 baptizaverat,
778 1071 938 1136 invenisse
959 1072 1061 1136 tradit
1085 1072 1192 1136 vicum
1211 1073 1398 1138 Bethabara

154 1153 300 1219 dictum.
343 1154 504 1220 Bethania
527 1156 639 1237 itaque
662 1161 695 1221 et
709 1157 894 1222 Bethabara
915 1157 1027 1236 procul
1049 1157 1149 1222 dubio
1171 1157 1315 1239 ejusdem
1335 1157 1398 1224 loci

154 1237 211 1304 val
228 1241 330 1304 simul
340 1240 391 1304 vel
403 1241 708 1306 successivenomen
720 1247 799 1322 erat,
815 1259 887 1306 cum
899 1247 1117 1324 utraquevox,
1134 1242 1162 1306 si
1173 1243 1397 1325 etymologiam

155 1329 366 1406 spectemus,
391 1325 459 1390 fere
484 1327 570 1391 idem
596 1327 740 1392 denotet:
771 1333 949 1416 afflatum,
976 1329 1090 1393 domus
1114 1327 1165 1393 vel
1186 1328 1276 1394 locus
1296 1329 1397 1408 navis,

154 1417 346 1500 magma,
363 1410 477 1476 domus
491 1412 543 1476 vel
556 1412 646 1477 locus
661 1413 744 1477 ratis
758 1413 947 1494 trajiciendo
962 1411 1086 1478 flumini
1098 1413 1310 1478 inservientia.

252 1496 286 1558 6.
304 1497 372 1580 Obj.
396 1497 466 1561 Aet.
480 1497 510 1576 9,
524 1497 551 1561 1.
568 1497 666 1563 Saule
681 1515 701 1562 a
716 1499 915 1563 Judaeorum
929 1497 1080 1579 pontifice
1096 1499 1192 1565 datae
1205 1517 1276 1564 esse
1286 1498 1397 1580 legun-

154 1584 219 1644 tur'
231 1580 359 1662 literae,
375 1582 494 1662 quibus
508 1583 686 1648 instructus
703 1583 902 1648 Christianos
917 1584 1069 1649 Damasci
1084 1585 1238 1666 degentes
1254 1603 1397 1666 compre·

154 1665 332 1747 henderet,
349 1671 381 1731 et
395 1667 519 1732 vinctos
527 1667 783 1750 Hierosolymam
795 1669 928 1735 duceret
938 1670 1126 1749 puniendos.
1149 1669 1251 1750 Atqui
1261 1671 1397 1734 Damas-

155 1767 218 1816 cus
236 1769 278 1816 eo
293 1755 438 1833 tempore
452 1771 515 1818 non
530 1753 668 1833 parebat
682 1755 848 1834 Romania,
865 1772 902 1819 eo
917 1755 1023 1819 minus
1038 1754 1059 1819 J
1060 1754 1188 1834 udaeis,
1205 1755 1263 1820 sed
1277 1756 1397 1820 Aretae

153 1835 311 1901 Arabum
325 1837 395 1919 regi
410 1837 494 1918 (coll.
510 1839 580 1903 Act.
596 1840 626 1918 9,
641 1840 692 1904 23.
708 1839 749 1902 ΙΙ.
764 1838 838 1904 Gor.
855 1840 904 1919 11,
920 1840 995 1921 32).
1040 1889 1045 1902 .
1062 1919 1064 1924 ,

251 1920 349 2003 Besp.
379 1923 511 2002 Aretas,
535 1941 607 1988 cum
626 1929 713 1989 esset
733 1925 948 1989 Romanorum
968 1923 1074 1988 socius
1088 1922 1140 1988 vel
1154 1924 1262 2004 potius
1288 1923 1396 2004 chous,

155 2007 307 2088 ‘synedrii
328 2007 612 2089 Hierosolymitani
639 2014 672 2073 et
696 2010 813 2073 summi
837 2007 997 2090 pontificis
1022 2009 1055 2074 in
1078 2009 1220 2074 Judaeos
1245 2009 1278 2072 in
1298 2009 1396 2074 rebus

153 2092 329 2174 religionis
341 2093 611 2174 jurisdictionem,
626 2094 803 2176 privilegiis
820 2095 994 2160 Caesarum
1009 2094 1060 2160 vel
1075 2099 1165 2160 extra
1180 2093 1397 2159 Palaestinam

153 2177 330 2258 munitam,
347 2183 549 2244 contemnere
561 2179 614 2242 vin
628 2185 764 2261 poterat.

253 2264 280 2323 7.
299 2261 367 2348 Obj.
390 2263 421 2328 S.
434 2262 554 2328 Paulus
567 2281 648 2330 anno
661 2265 787 2330 circiter
796 2265 848 2330 58.
872 2263 1064 2330 Caesaream
1075 2265 1234 2330 abductus
1246 2264 1394 2344 Felicem,

156 2347 313 2412 Judaeae
326 2353 578 2430 procuratorem,
593 2351 664 2415 Act.
675 2351 727 2431 24,
741 2353 790 2416 10.
806 2350 980 2431 alloquitur
994 2351 1107 2430 virum,
1123 2351 1178 2431 qui
1189 2350 1277 2432 genti
1287 2350 1395 2431 judai·-

155 2433 220 2499 c'ae
236 2449 257 2497 a
273 2433 382 2498 multis
397 2435 488 2498 annis
499 2436 566 2516 jam
581 2441 755 2517 praeesset.
777 2437 879 2518 Atqui
889 2436 979 2500 Felix
990 2435 1395 2516 Judaeaepraelectusnon

156 2523 213 2584 est
229 2525 306 2583 ante
319 2517 414 2584 finem
429 2521 504 2584 anni
517 2520 568 2585 54.
1494 2583 1496 2588 .

251 2605 348 2685 Besp.
378 2605 423 2669 Ut
438 2605 479 2670 de
494 2606 673 2672 obscuriori
687 2605 792 2671 Taciti
804 2606 896 2673 loco1
911 2607 989 2671 nihil
1010 2607 1169 2685 dicamus,
1192 2604 1332 2670 Felicem
1353 2603 1394 2669 ab

156 2706 248 2755 anno
271 2691 323 2754 53.
346 2706 450 2772 usque
472 2691 515 2755 ad
530 2692 579 2756 60.
596 2711 660 2756 aer.
675 2692 774 2774 vulg,
802 2709 879 2774 ergo
900 2710 960 2773 per
982 2696 1106 2773 septem
1128 2708 1227 2756 annos
1249 2691 1395 2755 Judaeae

158 2776 267 2841 fuisse
288 2782 546 2857 procuratorem,
569 2777 698 2842 aliunde
721 2782 844 2841 certum
866 2782 953 2855 est32
975 2777 1048 2841 binc
1071 2795 1094 2840 s,
1111 2776 1231 2840 Paulus
1246 2793 1327 2840 anno
1342 2775 1394 2840 68.

158 2862 279 2942 utique
296 2880 334 2925 ea
350 2861 456 2926 dicere
471 2865 616 2942 poterat,
639 2879 722 2942 quae
738 2862 780 2926 ad
795 2862 911 2926 Felicis
932 2861 1186 2926 benevolentiam
1208 2860 1269 2924 sibi
1291 2860 1394 2924 conci-

157 2946 307 3011 liandam
321 2945 435 3011 leviori
448 2946 625 3028 hyperbola
639 2951 733 3011 utens
748 2946 768 3010 l.
785 2966 810 3011 c.
827 2947 963 3012 edixisse
977 2947 1105 3028 legitur.

728 3166 757 3248 §-
780 3167 831 3232 ar.

277 3329 279 3333 ,
372 3303 552 3354 consensus
563 3301 627 3354 huo
639 3316 740 3364 usque
759 3303 972 3355 demonstrati
983 3303 1189 3354 momentum.

253 3455 444 3536 consensus,
460 3475 555 3538 quem
565 3456 598 3521 in
609 3454 876 3539 praecedentibus
890 3456 1105 3538 probavimus,
1122 3453 1395 3520 evidentissimum

164 3541 302 3622 praebet
324 3541 509 3607 authentiae
530 3542 685 3608 librorum
707 3543 746 3606 N.
762 3543 797 3606 T.
821 3542 992 3607 criterium.
1037 3541 1120 3613 Nam
1143 3540 1170 3604 si
1190 3538 1264 3603 libri
1277 3539 1317 3620 ,hi
1332 3558 1395 3604 non

166 3632 275 3692 essent
297 3627 490 3707 authentici,
516 3632 608 3692 tanta
630 3647 739 3694 eorum
762 3628 928 3692 harmonia
951 3645 1022 3691 cum
1043 3624 1107 3690 fide
1129 3624 1234 3706 dignis
1259 3624 1395 3688 aliorum

164 3711 374 3776 relationibus
390 3713 504 3779 adesse
519 3714 571 3777 vix
585 3719 704 3795 posset.
743 3712 865 3788 Quodsi
880 3714 963 3778 enim
977 3711 1051 3774 libri
1065 3710 1103 3774 N.
1120 3709 1155 3774 Τ.
1169 3715 1280 3779 essent
1292 3707 1397 3806 spurii

168 3815 226 3863 seu
238 3797 406 3878 suppositi,
422 3804 480 3862 aut
490 3800 558 3880 jam
572 3818 651 3863 aevo
659 3797 896 3879 Apostolorum,
911 3801 969 3861 aut
983 3796 1057 3860 inde
1072 3810 1092 3860 a
1107 3814 1189 3861 saec.
1202 3792 1243 3860 Il.
1259 3810 1397 3876 supponi

168 3883 363 3983 debuissent.
396 3884 458 3948 Ast
469 3884 649 3949 viventibus
664 3884 829 3964 Apostolis
846 3890 878 3949 et
892 3883 1086 3949 immediatis
1102 3899 1213 3947 eorum
1227 3881 1395 3961 discipulis

237 4111 245 4140 ¹
266 4105 350 4158 Tacit.
363 4103 461 4158 Annal.
474 4103 516 4167 12,
528 4102 570 4156 54.
583 4103 633 4156 aitr
657 4104 711 4169 „At
722 4118 776 4155 non
787 4101 872 4156 frater
884 4102 942 4170 ejus
956 4100 1122 4170 (Pallantis),
1141 4099 1296 4168 cognomine
1307 4096 1394 4177 Felin²

168 4174 226 4253 pari
243 4173 424 4226 moderatione
442 4173 551 4241 agebat,
571 4172 627 4252 jam
640 4171 744 4239 pridem
755 4170 773 4222 J
774 4170 875 4224 udaeae
887 4170 1028 4238 impositus
1041 4175 1068 4222 et
1080 4174 1176 4222 cuncta
1188 4161 1332 4246 malefacta
1343 4166 1395 4218 srlu

168 4257 276 4310 impune
293 4248 367 4294 ratus
384 4248 461 4295 tanta
476 4246 597 4308 potentia
608 4239 732 4310 ¹(frat1is)
750 4239 871 4292 subnixo.
883 4269 917 4278 —
929 4269 962 4278 -
973 4239 1063 4305 Atque
1080 4236 1187 4288 interim
1200 4235 1282 4314 'Fehx
1298 4239 1394 4312 intem-

163 4360 167 4367 .
202 4310 278 4364 stivis
294 4310 419 4363 remediis
435 4307 535 4362 delicta
550 4308 734 4376 (Judaeorum)
753 4307 917 4360 accendebat
932 4306 1038 4360 aemulo
1055 4305 1090 4358 ad
1107 4304 1252 4358 deternma
1268 4300 1395 4381 Ventrdro

168 4325 299 4442 zemamo,
312 4379 356 4432 cui
366 4390 429 4446 para
440 4377 592 4446 provinciae
604 4377 762 4441 habebatur,
778 4375 817 4428 ita
828 4375 928 4441 divisis,
940 4381 971 4428 ut
982 4374 1045 4428 huic
1056 4371 1238 4451 Galilaeorum
1249 4376 1330 4435 nano,
1341 4369 1393 4449 lde·

169 4446 371 4569 liodclilSamaritac
381 4452 516 4515 parerent,
529 4445 665 4500 discordes
678 4445 741 4500 olim
754 4450 849 4498 ettam
862 4451 998 4499 contemtu
1009 4446 1158 4510 regentrum
1171 4455 1259 4494 mmus
1271 4444 1394 4494 coercitis
1422 4471 1424 4474 -

203 4515 251 4570 ''s“
263 4521 313 4569 etc.

236 4587 247 4618 ²
265 4583 319 4637 Gir.
332 4585 354 4650 §-
368 4583 426 4638 154.
438 4583 463 4636 3.
