3364 5156
796 261 1081 326 —182-

411 432 533 498 Verum
547 436 736 513 argumenta
750 432 848 498 allata
862 431 979 498 nullius
994 433 1089 514 plane
1104 453 1175 500 esse
1189 434 1353 516 ponderis
1368 434 1459 501 facile
1470 456 1534 517 pro·

243 525 244 528 ’
326 520 439 596 batur3
455 517 573 582 etenim

412 603 463 668 Ad
479 603 506 666 1.
538 601 737 683 Subscriptio
757 603 912 669 versionis
927 602 1076 670 Peschito
1098 609 1131 670 et
1145 603 1389 670 Philoxenianae
1403 606 1535 671 Marcum

326 689 426 755 latine
440 688 569 769 quidem
583 688 796 769 praedicasse,
812 708 873 755 non
889 695 998 754 autem
1008 689 1107 754 latine
1119 690 1286 771 scripsisse
1297 691 1406 771 edicit3
1423 693 1536 757 codices

327 781 436 842 autem
451 774 480 838 9.
502 775 550 838 10.
575 773 645 838 160.
668 774 738 838 161.
760 774 894 856 aliique,
924 775 979 857 qui
1001 774 1266 858 subscriptionem
1288 778 1461 842 continent:
1493 779 1537 845 ’Τό

327 861 409 926 κατὰ
426 857 563 944 Μάρκον
577 855 761 944 εὐαγγέλιον
776 859 902 950 ἐγράφη
918 861 1081 945 ῥωμαϊστὶ
1099 861 1133 928 ἐν
1144 860 1250 950 Ῥώμῃ
1263 862 1346 946 μετὰ
1361 859 1417 952 ἔτη
1435 867 1470 946 tc
1488 866 1537 960 rig

328 943 520 1034 ἀναλήψεως
540 946 598 1011 τοῦ
626 941 756 1028 κυρίους
787 945 927 1023 codices,
957 946 1100 1026 inquam,
1129 947 1175 1012 illi
1206 946 1391 1013 recentioris
1419 948 1537 1030 originrs

329 1036 418 1110 sunt,
444 1029 519 1095 inde
533 1048 553 1094 a
568 1047 650 1095 saec.
666 1029 737 1095 XII.
753 1030 880 1112 scripti,
904 1031 1041 1113 ideoque
1056 1037 1156 1098 testes
1171 1031 1235 1099 fide
1256 1032 1344 1114 digni
1364 1033 1474 1098 haberi
1493 1052 1539 1098 nc·

331 1119 459 1197 queunt.

412 1200 507 1265 1112.
537 1200 665 1266 Marcus
677 1200 766 1265 Petri
777 1201 984 1266 hermeneuta
1000 1201 1105 1268 dictus
1120 1208 1170 1269 est
1184 1221 1246 1267 non
1260 1202 1342 1282 idco,
1358 1204 1445 1284 quod
1459 1221 1540 1283 prae-

328 1287 503 1353 dicationes
514 1285 604 1350 Petri
619 1304 752 1367 graecas
765 1287 865 1352 latine
880 1285 1017 1368 scripsit,
1033 1288 1090 1353 sed
1106 1287 1182 1369 quia
1196 1288 1247 1353 vel
1261 1288 1324 1368 illa,
1340 1307 1424 1370 quae
1435 1288 1539 1352 Petrus

328 1375 449 1438 Romae
460 1388 575 1453 graece
585 1372 791 1452 praedicavit,
808 1371 998 1437 Christianis
1010 1391 1144 1454 gracum
1155 1374 1275 1456 ignaris
1286 1372 1386 1438 latine
1397 1374 1541 1454 exposuit,

327 1459 378 1524 vel
393 1457 483 1523 Petri
497 1458 752 1538 praedicationes
767 1457 869 1523 literis
885 1458 1089 1540 consignavit.

414 1542 466 1606 Ad
480 1543 509 1606 3.
537 1542 647 1624 Longe
661 1543 775 1624 majori
789 1545 1004 1608 Romanorum
1018 1545 1105 1625 parti
1119 1543 1260 1626 linguam
1275 1563 1424 1627 graecam
1446 1548 1542 1610 aetate

328 1627 554 1710 Apostolorum
572 1629 731 1710 cognitam
745 1627 858 1709 fuisse,
881 1629 1171 1712 historice-certum
1192 1631 1279 1709 est;¹
1299 1648 1400 1711 quare
1420 1647 1542 1711 evange

328 1715 405 1779 lium
421 1711 610 1778 Christianis
626 1713 777 1779 Romanis
793 1714 987 1780 destinatum
1002 1734 1117 1797 graece
1131 1715 1229 1780 scribi
1244 1715 1365 1797 potuit,
1387 1733 1482 1797 quem
1495 1715 1542 1778 ad-

328 1800 458 1947 modunr
478 1816 502 1863 s.
518 1798 638 1864 Paulus
662 1805 694 1865 et
717 1800 820 1865 serius
842 1818 867 1864 s.
882 1800 1027 1881 ignatius
1043 1801 1084 1865 M.
1101 1819 1250 1882 graecam
1270 1801 1312 1866 ad
1328 1819 1383 1866 eos
1399 1800 1543 1866 misemnt

330 1885 433 1967 episto
446 1902 506 1948 am.

412 1969 472 2034 Ad.
487 1970 517 2034 4.
549 1969 699 2035 Oodicem
724 1970 882 2036 Venetum
908 1976 941 2035 et
966 1969 1179 2052 fragmentum
1205 1970 1368 2052 Pragensc
1393 1990 1457 2036 non
1483 1988 1542 2035 esse

329 2055 430 2121 Marci
445 2056 676 2137 autographon,
692 2055 724 2120 in
739 2055 854 2121 introd.
871 2075 940 2138 gen.
956 2061 1038 2138 part.
1054 2057 1127 2120 hist.
1143 2057 1171 2138 ξ.
1188 2058 1236 2122 14.
1253 2059 1282 2122 4.
1299 2057 1501 2122 ostendimus.

415 2141 509 2217 Quod
534 2141 650 2205 attinet
676 2141 864 2220 dictionem,
889 2141 909 2205 i.
934 2161 960 2207 e.
982 2160 1096 2207 vocum
1119 2143 1304 2208 electionem
1326 2141 1542 2224 grammaticae

331 2225 451 2307 regulis
466 2226 710 2306 respondentem
727 2232 759 2291 et
774 2227 1004 2292 sententiarum
1025 2229 1285 2308 compositionem
1306 2228 1348 2292 ad
1368 2226 1542 2309 disciplinae

332 2309 510 2376 rhetoricae
519 2316 693 2392 praecepta
703 2309 830 2392 factam,
843 2312 971 2377 Marcus
982 2313 1147 2377 Matthaeo
1158 2312 1288 2377 inferior
1299 2318 1362 2391 est3
1373 2332 1448 2377 narn
1459 2329 1542 2391 saepe

332 2397 413 2461 adeo
430 2395 554 2461 concise
569 2397 695 2476 scribit,
721 2402 758 2461 ut
772 2403 911 2463 mentem
926 2398 995 2478 ejus
1009 2417 1071 2462 non
1085 2396 1178 2463 facile
1192 2399 1384 2480 perspicias,
1411 2398 1473 2463 nisi
1487 2414 1542 2478 Jan

333 2482 468 2562 cognitis
482 2481 614 2561 reliquis
630 2482 816 2563 evangeliis,
839 2502 867 2546 u.
883 2502 912 2564 g.
930 2484 964 2562 l,
983 2484 1031 2547 12.
1048 2483 1097 2547 13.
1114 2483 1143 2564 3,
1159 2484 1209 2548 23.
1225 2485 1254 2560 3,
1269 2485 1320 2548 11.
1336 2483 1387 2548 22.
1402 2483 1433 2564 4,
1451 2483 1497 2545 11.
1511 2480 1542 2544 al.

332 2568 433 2633 Porro
456 2567 686 2648 particularum
708 2567 815 2649 inopia
835 2586 914 2648 prae
937 2568 1051 2634 ceteris
1077 2569 1216 2650 laborat,
1243 2574 1276 2634 et
1300 2567 1545 2649 frequentissime

333 2662 504 2718 occurrunt
518 2671 611 2717 voces
626 2649 697 2732 καί,
714 2653 823 2733 πάλιν,
840 2650 982 2732 εὐθέως,
997 2659 1166 2735 praeterea
1180 2654 1284 2719 utitur
1297 2655 1430 2720 vocibus
1444 2669 1546 2735 pamm

333 2737 472 2818 usitatis,
488 2737 536 2802 uti
551 2735 668 2820 ἀπέχει
685 2738 712 2817 7,
729 2738 757 2802 6.
773 2739 805 2802 in
821 2737 1068 2820 significatione:
1090 2739 1184 2822 longe
1199 2738 1305 2818 abest;
1327 2739 1467 2819 ἐξάπινα
1482 2738 1508 2816 9,
1522 2736 1545 2798 8.

333 2824 457 2903 subit03
481 2819 925 2912 εάσχήμων15,43.110111115;
950 2825 1082 2912 πιστική
1098 2825 1254 2907 genuinus
1271 2825 1319 2904 14,
1336 2825 1379 2903 3.;
1401 2824 1546 2906 νουνεχῶς

332 2909 495 2991 sapienter
507 2909 556 2989 12,
571 2909 629 2988 34;
644 2906 720 2999 ἤφιε
736 2910 861 2975 sinebat
877 2911 905 2990 1,
921 2911 987 2989 34.;
1004 2914 1183 2976 structuras
1198 2910 1336 2976 rariores
1352 2909 1504 2990 sequitur,
1517 2909 1546 2968 ut

332 3001 577 3084 προςκαρτερεῖν
599 2995 640 3060 de
660 3014 695 3060 re
716 2995 895 3060 adhibitum
915 2997 950 3076 3,
972 2996 1015 3075 9.;
1042 2996 1281 3082 προλαμβάνειν
1307 3013 1378 3061 cum
1403 2992 1545 3060 infinitivo

333 3082 536 3163 conjunctum
547 3081 596 3161 14,
613 3081 641 3144 8.
657 3080 792 3161 aliaque.
829 3081 936 3146 Etiam
952 3076 1045 3161 ἅπαξ
1057 3081 1210 3166 λεγόμενα
1227 3085 1413 3160 occurrrmt,
1429 3084 1466 3144 ut
1479 3101 1546 3144 ιιαι-

333 3167 446 3233 derideo
461 3167 490 3245 9,
506 3167 567 3247 21,
583 3163 728 3249 ὃμοιάζει
745 3167 794 3247 14,
811 3166 849 3247 7.,
864 3163 1030 3255 σμορίζειν
1046 3167 1161 3259 11123.
1177 3166 1312 3248 aliaque.

886 3385 913 3467 ξ.
934 3386 1003 3452 124.

670 3523 719 3574 De
731 3522 891 3584 evangelii
902 3521 1006 3574 Marci
1018 3523 1215 3585 integritate.

419 3676 575 3758 Pericopa
599 3676 655 3757 16,
682 3677 810 3742 9-20.
831 3677 977 3758 pluribus
999 3676 1118 3742 criticis
1141 3697 1204 3744 non
1226 3679 1371 3746 Marcum
1396 3680 1546 3744 auctorem

333 3761 453 3827 habere
467 3763 603 3841 videtum
618 3781 692 3827 nam
1525 3841 1531 3852 ,

421 3847 449 3910 1.
477 3847 569 3912 deest
589 3847 622 3912 in
642 3848 750 3914 codiee
771 3848 823 3928 Β.,
850 3847 882 3912 in
905 3847 1072 3928 Sinaitico,
1097 3847 1130 3912 in
1155 3847 1380 3929 manuscriptis
1406 3846 1545 3913 versioms

334 3930 513 3996 armenicae
524 3932 665 4012 Venetia,
681 3933 834 3999 versionis
850 3933 999 3998 arabicae
1010 3933 1183 4015 Vaticanis,
1198 3935 1231 3998 in
1246 3953 1309 4000 uno
1325 3933 1434 4000 codiee
1448 3928 1544 4002 italae,

334 4017 366 4083 in
383 4018 473 4083 codd.
491 4015 561 4081 137.
579 4017 648 4081 138.
664 4019 817 4084 asterisco
832 4023 971 4083 notatur.

419 4103 448 4166 2.
477 4102 638 4167 Eusebius
654 4104 763 4184 edicit,
781 4103 979 4186 evangelium
994 4103 1097 4169 Marci
1110 4103 1177 4170 fere
1192 4106 1225 4170 in
1241 4105 1386 4170 omnibus
1403 4097 1545 4180 exemplu·
1645 4176 1649 4196 ,κ

335 4187 424 4253 ribus
438 4187 522 4253 finiri
537 4187 660 4254 verbis:
691 4189 873 4280 ἐφοβοῦντο
887 4193 985 4277 γαρ,2
1000 4194 1033 4254 et
1049 4208 1184 4256 canones
1199 4191 1268 4272 ejus
1285 4190 1319 4255 in
1342 4188 1451 4256 codiee
1463 4186 1501 4264 Α,
1520 4177 1544 4242 U

407 4411 415 4441 ¹
434 4406 488 4460 Gfr.
501 4407 597 4460 introd.
610 4421 700 4474 gener.
713 4409 735 4475 ς.
748 4408 772 4460 9.
784 4408 818 4461 ab
830 4407 913 4461 initio.
1535 4466 1545 4478 ,

405 4479 416 4510 ²
433 4475 533 4529 Euseb.
546 4477 580 4530 ad
592 4475 689 4530 Marin.
707 4481 809 4544 quaest.
821 4477 842 4530 Ι.
862 4474 976 4544 (collect.
995 4491 1062 4531 nora
1077 4476 1128 4530 vol.
1145 4477 1166 4530 1.
1185 4494 1211 4546 p.
1224 4477 1291 4564 31.):
1318 4475 1360 4534 Τὰ
1375 4477 1446 4545 γοῦν
1462 4471 1544 4540 trotio

339 4543 394 4597 τῶν
407 4541 587 4617 ἀντιγράφων
604 4543 635 4598 τὸ
650 4550 726 4608 τέλος
739 4543 874 4618 περιγοάο
882 4565 906 4600 ει
917 4562 1005 4600 --ε
1019 4547 1175 4618 ἐφοβοῦντο
1187 4543 1247 4620 γάρ.
1272 4554 1313 4602 Er
1327 4543 1417 4616 τούτῳ
1429 4542 1478 4616 γὰρ
1490 4537 1543 4608 dxi·
1647 4555 1648 4605 i

1632 4614 1651 5104 l
