3314 5166
866 287 1036 351 104—

286 462 475 528 lectionibus
485 460 683 525 variantibus
698 459 841 525 codicum
857 457 995 522 nondum
1015 456 1210 534 collatorum,
1225 456 1257 519 in
1273 456 1380 536 specie
1397 474 1414 519 e
1430 456 1502 520 duo-

286 549 348 613 bus
362 546 611 611 Dublineusibus
627 551 658 610 et
674 553 812 626 quatuor
826 543 962 625 gallicis,
978 561 996 607 e
1011 545 1053 606 20
1068 541 1230 607 codicibus
1247 540 1396 605 Romanis
1412 541 1504 620 (inter

288 652 368 724 quos
384 633 452 697 cod.
468 632 508 713 B)
525 651 544 695 a
560 631 749 712 Oaryophilo
766 629 915 707 collectis
932 635 964 693 et
978 628 1041 692 illis
1056 627 1210 692 versionis
1225 626 1373 708 gothicae
1388 632 1420 691 et
1436 645 1504 707 cop-

287 719 379 797 ticae,
396 723 493 797 atque
508 735 588 797 opus
604 736 696 781 suum
711 715 812 780 edidit
824 714 936 778 (lxonii
951 715 1041 777 1075.
1058 731 1130 777 eum
1145 713 1177 775 in
1191 710 1294 790 finem,
1310 719 1347 775 ut
1362 712 1505 776 ostende-

288 810 346 882 ret,
362 823 423 868 non
439 802 640 866 obstantibus
654 801 844 866 lectionibus
860 799 956 863 variis
972 819 995 863 s.
1012 798 1191 879 scripturae
1205 798 1433 862 auctoritatem
1446 817 1506 861 non

288 888 394 953 minui.
411 923 453 932 -
468 887 597 952 Monitis
613 888 681 968 ejus
696 893 802 951 motus

375 974 404 1037 3.
427 974 564 1036 Jonitnes
587 971 728 1050 lh'lh'us,
756 970 923 1051 theologus
948 968 1148 1046 oxoniensis,
1175 969 1254 1032 artis
1281 967 1410 1032 criticae
1436 985 1509 1032 vere

288 1059 419 1141 peritus
436 1059 477 1122 30
492 1076 591 1121 annos
606 1057 708 1122 textui
720 1056 757 1120 N.
772 1057 806 1119 T.
819 1056 1011 1120 recensendo
1028 1055 1153 1131 dicavit,
1170 1053 1295 1118 codices
1310 1053 1428 1117 multos
1442 1053 1510 1132 ipse

289 1143 422 1208 contulit
444 1148 477 1208 et
499 1142 539 1207 ab
560 1142 631 1207 aliis
652 1141 858 1207 conferendos
881 1140 1019 1218 curavit,
1046 1158 1155 1203 eorum
1182 1144 1337 1218 aetatem,
1364 1138 1511 1218 patriam,

288 1230 503 1310 proprietates
519 1246 653 1292 necnon
669 1226 895 1292 asservatiouis
917 1226 1020 1289 locum
1035 1225 1068 1288 iu
1083 1224 1316 1305 prolegomenis
1331 1223 1512 1288 accuratius

287 1314 455 1392 indicavit,
479 1332 534 1377 eos
553 1313 649 1378 certis
670 1313 809 1377 numeris
830 1311 1009 1393 designavit
1024 1311 1133 1390 sicque
1156 1309 1276 1388 effecit,
1300 1319 1337 1372 ut
1351 1309 1513 1386 lectiones

289 1419 371 1480 quae
386 1400 475 1479 prius
489 1417 549 1478 pro
563 1399 676 1479 majori
691 1398 836 1462 codicum
850 1415 981 1460 numero
997 1394 1222 1477 seligebantur,
1242 1395 1417 1460 secundum
1433 1394 1514 1457 anti-

290 1485 459 1565 quitatem,
484 1485 622 1563 patriam
642 1488 674 1548 et
694 1481 789 1547 fidem
809 1482 939 1547 testium
955 1481 1074 1546 rectius
1089 1481 1329 1545 determinando
1344 1498 1404 1560 par
1419 1485 1515 1543 esset.

291 1572 408 1633 Omnes
422 1567 489 1632 fere
503 1569 665 1633 versiones
680 1569 829 1648 antiquas
849 1573 882 1631 et
901 1585 999 1647 opera
1014 1566 1146 1630 Patrum
1166 1565 1338 1644 consuluit,
1364 1571 1397 1629 et
1417 1581 1516 1644 quae

291 1672 415 1734 cunque
429 1659 542 1718 notatu
557 1654 653 1735 digna
674 1653 807 1731 invenit,
830 1653 849 1715 i.
866 1671 892 1716 e.
908 1652 980 1733 plus
995 1653 1112 1729 30000
1132 1650 1303 1716 lectionum
1322 1650 1517 1714 variantium

291 1739 421 1804 editioni
444 1739 560 1804 tertiae
583 1739 737 1820 Stephani
759 1738 885 1819 adjecit.
937 1739 1026 1817 Opus
1053 1755 1145 1800 suum
1172 1736 1413 1817 quatuordecim
1442 1741 1518 1799 ante

290 1832 424 1890 mortem
440 1824 553 1889 diebus
569 1825 669 1889 edidit
685 1824 797 1888 Oxonii
815 1824 905 1887 1101.
921 1822 972 1887 fol.
1008 1821 1127 1886 Textus
1143 1823 1212 1902 ejus
1227 1821 1265 1885 N.
1278 1821 1312 1884 T.
1329 1839 1401 1886 cum
1416 1839 1517 1900 appa·

289 1916 363 1975 ratu
389 1910 498 1974 critico
527 1910 721 1990 locupletato
749 1909 851 1974 serius
877 1909 927 1973 bis
960 1907 1065 1972 adhuc
1091 1907 1196 1972 editus
1223 1913 1272 1971 est
1298 1925 1318 1970 a
1346 1905 1518 1986 Ludolpho

288 1997 409 2060 Kiister
423 1996 552 2075 Lipsiae
570 1996 660 2059 1710.
682 2001 714 2060 et
738 1995 829 2058 1723.
848 1993 900 2058 fol.
946 1993 1176 2074 Prolegomena
1191 1993 1282 2057 Millii
1305 1991 1373 2056 sola
1388 1992 1518 2072 prodie-

288 2087 363 2145 runt
386 2080 462 2145 cura
483 2081 564 2144 Dan.
588 2080 743 2145 Salthenii
766 2079 966 2161 Regiomonti
989 2079 1080 2142 1734.
1105 2079 1153 2156 4.,
1180 2085 1213 2143 et
1234 2077 1423 2142 lectionibus
1450 2078 1520 2158 eJ'us
1644 2147 1645 2150 Ἴ

289 2166 486 2230 variantibus
501 2165 612 2229 addita
628 2165 795 2230 collatione
811 2164 928 2228 codicis
940 2163 1129 2228 Viennensis
1143 2163 1291 2228 Lambec.
1307 2163 1358 2226 28.
1372 2182 1453 2227 usus
1471 2168 1521 2227 est

290 2250 475 2315 Gerbardus
491 2250 746 2314 Mastrichteusis
761 2251 793 2313 in
808 2249 947 2314 editione
962 2268 1044 2314 nova
1060 2249 1245 2329 Curcellaei,
1262 2249 1313 2313 cui
1328 2249 1455 2314 adnexa
1472 2254 1522 2313 est
1646 2290 1647 2314 t

290 2335 415 2400 theoria
430 2335 541 2399 critica
553 2337 597 2400 43
613 2353 748 2400 canones
763 2333 985 2415 complectens.

851 2555 879 2636 s.
904 2555 953 2618 11.

525 2689 555 2754 a)
573 2690 742 2741 Editiones
758 2691 888 2741 criticae
908 2705 980 2741 cum
994 2693 1153 2752 apparatu
1165 2691 1286 2741 critico.

377 2841 404 2906 E
429 2842 599 2907 lectionum
621 2843 814 2908 variantium
837 2844 1095 2923 collectionibuS,
1121 2862 1205 2924 quae
1228 2843 1335 2908 studio
1355 2849 1387 2908 et
1410 2844 1528 2909 labore

292 2929 432 2993 virorum
457 2928 546 3008 prius
572 2929 776 2994 laudatorum
803 2949 841 2994 ex
870 2929 1011 3010 antiquis
1041 2929 1254 2994 monumentis
1284 2935 1376 2993 erant
1405 2928 1526 3008 factae,

291 3013 394 3094 magis
402 3014 568 3095 magisque
577 3021 671 3079 enata
680 3025 750 3078 erat
758 3017 934 3095 persuasio,
948 3021 1070 3079 textum
1081 3033 1241 3096 graecum,
1255 3014 1360 3095 qualis
1372 3015 1529 3080 exstabat

291 3100 324 3162 in
350 3099 484 3163 diversis
511 3099 705 3164 editionibus
729 3101 804 3164 inde
829 3119 849 3163 a
873 3100 1090 3181 Compluteusi
1116 3118 1219 3181 usque
1244 3100 1288 3163 ad
1313 3099 1385 3164 illas
1410 3104 1526 3166 textus

292 3184 422 3264 recepti,
438 3203 500 3248 non
515 3203 553 3248 aa
568 3183 710 3265 gaudere
720 3183 784 3249 fide
797 3191 828 3249 et
840 3185 1041 3264 auctoritate,
1059 3205 1141 3266 quae
1154 3185 1257 3250 eidem
1269 3185 1437 3265 hucusque
1450 3191 1526 3251 erat

293 3269 472 3349 adscripta,
497 3288 568 3332 cum
590 3268 695 3333 fontes
717 3289 778 3334 non
802 3277 924 3349 essent,
948 3271 1009 3334 nisi
1025 3272 1150 3335 codices
1165 3271 1367 3336 recentiores.
1414 3272 1527 3348 Quare

293 3354 352 3418 viri
370 3355 467 3435 periti
482 3373 543 3434 ope
558 3361 734 3434 apparatus
750 3356 852 3420 critici
868 3358 1022 3420 exstantis
1039 3363 1071 3435 et
1082 3357 1174 3438 juxta
1190 3363 1295 3421 certas
1309 3356 1439 3438 regulas
1456 3362 1528 3422 tex-

293 3444 362 3503 tum
383 3439 489 3520 ipsum
516 3441 685 3504 emendare
712 3448 886 3520 coeperunt
910 3441 972 3504 illis
997 3443 1030 3505 in
1057 3442 1150 3521 locis,
1177 3441 1232 3506 ubi
1258 3441 1426 3506 manifeste
1453 3448 1528 3508 erat

293 3525 437 3588 vitiosus.
535 3579 538 3584 .

381 3610 408 3671 1.
438 3610 569 3675 Initium
583 3609 702 3675 factum
719 3615 769 3676 est
787 3629 807 3674 a
829 3611 950 3674 Jooaae
965 3612 1092 3676 Allecto
1108 3612 1242 3698 Beapel,
1262 3613 1410 3693 theologo
1427 3613 1527 3678 Wdr-

294 3693 517 3775 tombergensi,
531 3697 585 3777 qui
597 3697 770 3760 multorum
782 3715 936 3762 annorum
948 3698 1054 3762 studio
1067 3705 1259 3779 apparatum
1271 3699 1417 3763 criticum
1430 3699 1526 3763 Millii

293 3779 483 3844 lectionibus
497 3781 696 3846 variantibus
711 3784 752 3845 22
768 3783 913 3847 codicum
929 3783 1068 3847 nondum
1084 3783 1271 3848 collatorum
1282 3783 1473 3864 (ctiamcod.
1486 3785 1526 3866 O)

294 3863 516 3944 locupletavit,
546 3867 662 3947 magna
688 3887 760 3932 cum
786 3868 952 3949 diligentia
979 3875 1183 3932 monumenta
1209 3870 1342 3950 antiqua
1367 3871 1527 3935 versionis

295 3948 398 4013 Italae
413 3955 445 4013 et
460 3950 619 4032 Vulgatae
635 3953 785 4032 contulit,
809 3959 842 4018 et
858 3953 1059 4018 collationem
1081 3954 1236 4018 versionis
1256 3955 1401 4036 copticae
1423 3961 1526 4036 atque

295 4034 509 4100 armenicaea
526 4036 575 4097 La
593 4035 686 4099 moze
706 4037 824 4102 factam
846 4038 1000 4102 adhibuit.
1047 4039 1193 4103 Omnium
1215 4040 1338 4120 primus
1361 4046 1526 4105 certorum

295 4123 428 4185 testium
443 4119 632 4186 affinitatem
648 4123 782 4202 detexit,
806 4125 943 4204 ideoque
959 4125 1088 4188 eosdem
1103 4124 1135 4188 in
1155 4126 1235 4189 duas
1256 4124 1393 4190 familias
1413 4126 1526 4190 distri-

296 4206 381 4270 buit:
402 4206 434 4270 in
449 4205 622 4272 africanam
638 4214 670 4272 et
686 4210 859 4273 asiaticam.
903 4208 984 4272 Eam
1001 4215 1129 4274 secutus
1146 4217 1195 4275 est
1210 4231 1353 4275 normam
1370 4211 1526 4290 criticam,

296 4297 333 4355 ut
347 4291 516 4357 lectionem
531 4292 741 4358 difficiliorem
755 4313 793 4358 ac
808 4295 969 4359 duriorem
985 4293 1163 4375 praeferret
1176 4295 1311 4361 faciliori
1327 4302 1360 4361 et
1376 4295 1525 4377 molliori,

297 4381 330 4441 et
352 4383 389 4440 ut
411 4379 619 4459 praecipuum
641 4387 835 4444 momentum
859 4379 1016 4444 tribueret
1036 4380 1226 4446 lectionibus
1247 4383 1365 4447 codicis
1388 4382 1526 4446 Alexan-

298 4462 381 4526 drini
405 4467 438 4526 et
464 4464 616 4544 antiquae
642 4465 796 4530 versionis
822 4465 958 4543 latinae,
984 4469 1143 4546 attamen,
1171 4468 1303 4548 excepta
1329 4467 1526 4549 apocalypsi,

300 4546 418 4614 nullam
433 4547 600 4615 lectionem
615 4551 647 4614 in
662 4555 784 4615 textum
799 4551 904 4633 ipsum
920 4551 1062 4633 recipere
1076 4571 1174 4617 ausus
1190 4558 1249 4633 est,
1265 4572 1348 4634 quae
1362 4573 1426 4618 non
1435 4553 1527 4619 inve-
