3428 5180
790 309 1078 374 -274—

308 507 384 553 vero
400 484 531 550 liberati
546 487 621 548 sunt
637 502 657 548 a
671 487 817 564 peccato,
845 482 930 546 servi
944 485 1054 544 autem
1067 480 1130 546 Dei
1144 477 1238 558 facti,
1264 477 1406 543 fructum
1428 479 1546 546 habent

311 574 344 639 in
359 569 647 638 sanctificationem
662 573 696 633 et
711 569 841 632 tandem
856 567 955 631 vitam
971 571 1135 630 aeternam
1150 565 1180 644 6,
1198 565 1333 629 15—23.

400 656 515 737 Capite
532 655 559 719 7.
576 657 609 718 et
624 655 653 718 8.
669 653 846 735 Apostolus
862 653 947 718 redit
961 652 1004 715 ad
1022 651 1274 732 propositionem
1298 651 1332 714 in
1353 651 1545 730 praeceden-

310 743 398 807 tibus
411 743 478 823 jam
494 740 737 821 pronuntiatam
753 739 803 818 (6,
822 739 891 820 15):
925 737 1141 800 Okrrsta'anum
1159 757 1221 796 non
1243 737 1383 820 amplc‘us
1405 759 1470 798 ease
1491 737 1545 799 arab

310 829 383 912 loge,
400 827 458 889 sed
470 826 526 888 aab
539 828 657 910 pratia.
702 824 846 888 Primum
860 823 978 904 probat
1002 821 1145 904 exemplo
1168 820 1292 900 uxoris,
1320 839 1404 901 quae
1430 840 1451 884 a
1478 821 1546 902 lege

309 914 370 977 viri
385 912 542 976 liberatur
558 911 627 992 ejus
642 915 762 990 morte,
783 910 897 988 itaut,
922 908 999 988 quin
1015 908 1058 972 sit
1072 907 1236 985 adultera,
1260 905 1315 970 alii
1334 907 1403 970 viro
1425 907 1546 971 nubere

310 998 429 1079 possit,
450 1001 483 1061 et
503 996 580 1060 inde
602 995 776 1074 concludit,
801 995 899 1058 etiam
916 992 1116 1057 Christianos
1131 993 1164 1056 in
1180 991 1308 1056 Christo
1323 991 1387 1072 legi
1401 999 1545 1056 mortuos

309 1101 380 1150 esse
396 1088 516 1146 etcum
532 1099 570 1145 eo
585 1081 628 1144 ad
642 1099 757 1144 novam
773 1079 988 1144 resurrexisse
1003 1079 1118 1157 vitam,
1145 1081 1183 1140 ut
1199 1076 1324 1142 fructus
1346 1076 1454 1141 ferant
1468 1078 1545 1157 Deo,

309 1167 581 1250 quemadmodum
595 1166 740 1230 viventes
756 1165 912 1246 sublege,
929 1182 1012 1244 quae
1028 1163 1222 1244 cupiditates
1238 1162 1406 1241 excitavit,
1421 1161 1545 1228 fructus

310 1255 454 1318 tulerunt
469 1252 566 1316 morti
584 1251 611 1330 7,
629 1251 721 1314 1—6.

396 1338 522 1401 Abhinc
536 1336 712 1416 Apostolus
728 1335 860 1400 effectus
875 1333 956 1415 legis
971 1334 1123 1415 proponit
1136 1333 1169 1398 in
1183 1333 1311 1396 homine
1326 1332 1468 1396 naturali
1477 1333 1544 1397 sibi

310 1423 422 1489 relicto
440 1422 474 1501 7,
500 1421 642 1500 7—13.,
670 1427 703 1485 et
726 1421 973 1500 descriptionem
996 1419 1140 1484 adnectit
1161 1437 1179 1482 e
1199 1418 1331 1498 propria
1347 1418 1545 1499 experientia

310 1510 492 1573 desumtam
518 1505 667 1570 dualismi
692 1505 825 1570 infausti
851 1510 884 1570 et
906 1523 1033 1586 pugnae
1056 1505 1090 1569 in
1112 1504 1179 1567 vita
1202 1503 1308 1567 ethice
1330 1503 1469 1568 hominis
1484 1523 1544 1568 non

310 1591 446 1658 redemti
463 1592 490 1670 l,
508 1591 644 1655 14-25.
688 1590 830 1656 Effectus
846 1591 997 1654 nimirum
1012 1589 1093 1670 legis
1109 1594 1159 1653 est
1173 1589 1305 1669 propior
1321 1593 1354 1652 et
1374 1588 1542 1668 remotior;

312 1678 417 1760 primo
433 1674 545 1756 efficit,
570 1682 607 1740 ut
621 1682 790 1756 peccatum
803 1676 836 1739 in
850 1676 978 1740 homine
992 1675 1142 1738 habitans
1158 1674 1332 1738 suscitetur
1348 1678 1381 1737 et
1395 1692 1461 1737 non
1475 1679 1542 1737 tan-

311 1770 381 1828 tum
397 1768 618 1842 cognoscatur,
639 1762 697 1825 sed
713 1762 810 1826 etiam
824 1780 884 1842 per
899 1759 1189 1840 concupiscentiam
1204 1758 1356 1823 rebellem
1372 1759 1542 1823 excitatam

310 1852 442 1930 peccato
466 1851 601 1927 peccata
623 1847 793 1910 addantur.
838 1845 921 1911 Nam
940 1845 992 1910 lex
1014 1846 1047 1909 in
1070 1864 1105 1909 se
1131 1845 1216 1909 bone
1241 1845 1274 1909 in
1299 1843 1427 1908 homine
1453 1843 1541 1924 lapso

309 1933 515 2011 duahsmum,
541 1950 604 2012 quo
620 1932 740 1996 bonum
755 1931 915 2011 approbat
936 1935 970 1995 et
985 1930 1104 1994 malum
1120 1930 1204 2010 agit,
1231 1949 1294 1994 non
1310 1929 1461 2008 sustulit,
1486 1929 1541 1994 scd

311 2038 385 2084 eum
400 2016 554 2081 victoriae
568 2017 722 2097 impotem
738 2017 800 2080 sibi
816 2021 849 2080 et
863 2015 1034 2080 maledicto
1050 2015 1196 2095 reliquit;
1221 2015 1294 2078 dein
1309 2032 1386 2078 vero
1402 2015 1474 2095 ipse
1488 2014 1540 2078 ille

310 2103 489 2168 dualismus
512 2107 546 2166 et
566 2102 703 2166 hominis
725 2101 915 2182 impotentia
935 2101 1045 2182 agnita
1068 2100 1275 2165 redemtionis
1291 2100 1443 2164 excitavit
1458 2099 1539 2164 desi-

310 2189 450 2266 derium,
477 2187 587 2267 sicque
601 2187 644 2250 ad
659 2187 877 2267 recipiendum
892 2185 1092 2251 Salvatorem
1111 2186 1284 2265 disposuit,
1312 2185 1368 2266 qui
1383 2203 1401 2248 e
1416 2184 1539 2264 peccati

311 2276 475 2354 potestate
490 2272 697 2352 eriperet—
1223 2327 1227 2332 .

395 2357 518 2420 Novum
532 2357 616 2419 citae
631 2356 748 2420 ethicae
757 2356 956 2440 praecipium
963 2404 973 2436 ,
989 2355 1075 2438 quod
1087 2357 1120 2417 c'n
1138 2351 1331 2417 Chrestc‘anc'o
1347 2353 1449 2418 locum
1463 2354 1538 2438 lepis

310 2455 450 2526 compat,
466 2454 512 2504 est
523 2442 633 2525 pratia
643 2443 820 2524 promerito
835 2463 856 2500 a
872 2441 950 2503 Jesu
967 2439 1089 2503 Chresto
1097 2487 1107 2520 ,
1124 2438 1180 2520 qui
1194 2439 1228 2503 in
1243 2458 1337 2504 came
1353 2458 1413 2503 sua
1427 2457 1537 2519 pecca·

311 2534 380 2592 tum
403 2526 536 2605 devicit,
564 2530 598 2590 et
618 2545 677 2606 per
697 2526 853 2607 Spiritum
874 2543 898 2590 s.
921 2524 1014 2588 nobis
1032 2524 1148 2589 tribuit
1162 2523 1314 2588 virtutem
1330 2543 1460 2588 carnem
1474 2525 1537 2589 vin·

309 2612 401 2678 cendi
417 2616 450 2675 et
464 2609 663 2676 voluntatem
678 2611 818 2676 divinam
833 2609 1019 2691 perficiendi
1034 2610 1064 2689 8,
1081 2610 1173 2673 1-4.
1487 2611 1490 2616 '

329 2739 332 2744 ,
395 2697 610 2776 Opponuntur
631 2696 693 2760 sibi
715 2696 847 2761 effectus
869 2696 955 2760 vitae
976 2695 1151 2759 secundum
1173 2712 1301 2758 carnem
1316 2699 1350 2758 et
1364 2694 1537 2758 secundum

312 2782 476 2863 Spiritum.
511 2781 573 2858 Qui
589 2781 712 2861 Spiritu
726 2781 788 2846 Dei
803 2787 958 2862 aguntur,
984 2779 1042 2844 filii
1056 2780 1118 2843 Dei
1133 2784 1223 2858 sunt,
1251 2779 1445 2843 cohaeredes
1460 2779 1482 2842 J
1483 2797 1537 2844 esu

311 2866 444 2946 Christi,
472 2865 500 2930 si
515 2870 622 2930 tamen
638 2868 890 2947 compatiuntur,
918 2865 960 2929 ad
975 2865 1061 2945 quod
1077 2864 1195 2930 excitat
1209 2864 1397 2945 magnitudo
1418 2864 1538 2944 gloriae

308 2951 453 3032 futurae,
480 2969 577 3031 quam
600 2952 699 3016 etiam
717 2957 867 3017 creatura
882 2950 1078 3031 corruptioni
1093 2968 1156 3013 non
1170 2953 1285 3030 sponte
1300 2948 1437 3013 obnoxia
1451 2950 1537 3030 inge

309 3037 446 3102 miscens
462 3041 641 3116 exspectat,
661 3037 694 3100 in
710 3055 807 3116 quam
824 3037 922 3100 etiam
936 3040 1068 3114 sperant
1082 3034 1242 3114 primitias
1257 3033 1397 3114 Spiritus
1419 3033 1536 3099 haben-

309 3128 375 3201 tes,
403 3139 486 3202 quae
501 3139 576 3200 spes
590 3120 683 3185 firma
699 3127 765 3200 cst,
776 3151 780 3165 ·
792 3121 879 3185 nulla
894 3139 929 3184 re
944 3119 1182 3197 labefactanda,
1210 3137 1282 3183 cum
1296 3117 1537 3184 fundamentum

309 3225 404 3272 suum
424 3205 544 3269 habeat
566 3206 598 3269 in
621 3207 751 3271 decreto
777 3206 900 3284 divino,
928 3205 1015 3284 quod
1040 3202 1239 3285 temporibus
1266 3203 1333 3267 suis
1360 3203 1537 3268 executioni

309 3292 423 3370 datur,
449 3290 496 3353 ita
518 3295 556 3353 ut
576 3309 709 3370 prorsus
731 3290 809 3354 nihil
831 3308 889 3354 nos
912 3307 1064 3369 separare
1083 3289 1191 3353 valeat
1212 3307 1232 3352 a
1252 3288 1411 3353 charitate
1431 3288 1494 3354 Dei
1508 3289 1536 3367 8,

397 3459 474 3544 Cap.
490 3458 603 3523 9-11.
619 3460 687 3544 opit
702 3458 738 3522 de
753 3460 950 3542 quaestione,
974 3458 1123 3541 quomodo
1140 3455 1365 3540 explicandum
1382 3459 1426 3521 ait
1441 3456 1535 3540 plrae-

309 3567 476 3624 nomenon,
493 3556 621 3628 partem
643 3545 731 3628 longe
752 3545 927 3606 maximam
941 3543 1060 3626 populi
1069 3541 1215 3626 judaici,
1241 3543 1297 3604 oui
1319 3555 1424 3604 tamen
1450 3541 1539 3604 aolus

309 3631 468 3694 messiano
486 3631 631 3712 proculae
651 3641 720 3692 erat
742 3627 915 3708 dectracto,
943 3627 983 3690 ab
1005 3626 1113 3690 eadem
1131 3649 1215 3688 nunc
1234 3625 1376 3706 excludi,
1404 3626 1536 3690 ethna'coo

310 3736 391 3792 cero,
407 3713 519 3796 quibus
529 3713 621 3775 nullo
634 3715 763 3796 commit
772 3713 953 3795 promebam,
969 3712 1037 3793 ejus
1050 3711 1225 3794 participes
1240 3709 1356 3773 reddi?
1384 3710 1535 3786 Quaestio

310 3799 399 3876 haec,
416 3815 499 3877 quae
509 3797 664 3876 Apostolo
674 3817 694 3860 a
705 3797 839 3862 ludaeis
850 3797 962 3878 procul
974 3795 1071 3860 dubio
1083 3794 1268 3875 frequenter
1280 3800 1351 3860 erat
1361 3796 1535 3876 proposita,

181 3909 187 3920 ·
311 3901 374 3948 non
389 3880 686 3945 solutadoctrinam
701 3881 910 3962 apostolicam
925 3883 966 3946 de
977 3880 1082 3944 salute
1092 3899 1151 3961 per
1163 3879 1325 3944 Christum
1336 3879 1370 3942 in
1380 3880 1535 3946 nonnullis

311 3966 461 4032 fidelibus
475 3963 671 4030 labefactare
685 3966 861 4045 potuisset,
877 3966 963 4030 omni
978 3969 1124 4045 exparte
1140 3964 1236 4045 digna
1251 3963 1438 4044 videbatur,
1456 3983 1535 4046 quae

311 4052 443 4117 uberius
458 4050 684 4114 illustraretur.
707 4051 790 4114 Hinc
805 4050 933 4130 Paulus,
949 4049 1126 4130 praemissa
1141 4049 1356 4113 obtestatione
1372 4049 1413 4113 de
1429 4049 1535 4115 dolore

312 4157 370 4202 suo
385 4137 426 4201 ob
441 4134 522 4199 illud
536 4134 786 4214 phaenomonon,
801 4135 991 4198 theodiscam
1005 4133 1152 4214 adjungit
1162 4134 1288 4198 dicens:
1304 4133 1534 4198 Promissiones

311 4222 439 4286 divinae
459 4238 523 4284 non
544 4220 656 4283 irritae
677 4218 782 4284 factae
805 4224 895 4298 sunt3
922 4239 996 4283 nam
1018 4219 1107 4299 origo
1131 4217 1266 4282 camalis
1277 4218 1332 4298 jus
1346 4237 1410 4282 non
1425 4218 1535 4283 tribuit

311 4306 517 4370 adsalutem
543 4305 751 4384 messionem,
784 4322 888 4384 neque
914 4304 1077 4388 susceptio
1104 4301 1144 4366 ab
1171 4321 1303 4382 operum
1333 4303 1534 4384 propriorum

312 4391 435 4455 meritis
458 4388 635 4470 dependet,
663 4389 739 4469 quia
756 4388 984 4468 promissiones
998 4388 1182 4452 Abrahemo
1202 4386 1307 4452 factae
1326 4394 1402 4450 sunt
1418 4393 1451 4452 et
1464 4387 1533 4452 filiis

313 4477 382 4555 eJus
406 4473 643 4555 spiritualibus,
662 4492 732 4537 non
753 4491 829 4538 vero
855 4473 1001 4537 omnibus
1026 4471 1206 4538 camahbus
1231 4471 1338 4552 (Isaac
1357 4476 1391 4536 et
1411 4471 1532 4550 Ismabl,

311 4559 413 4624 Jacob
431 4563 464 4624 et
477 4558 580 4640 Esau)
603 4559 638 4637 9,
662 4557 785 4622 1-13.
828 4557 925 4621 Nulla
948 4563 1121 4639 propterea
1145 4557 1178 4620 in
1199 4557 1269 4622 Deo
1295 4559 1346 4622 est
1369 4557 1532 4637 injustitia,
