3356 5176
469 1307 993 1410 PRAEFATIO.

208 1703 487 1784 Introductionem
497 1704 530 1768 in
546 1722 655 1770 sacros
669 1704 707 1768 N.
725 1705 759 1768 T.
775 1705 874 1769 libros
890 1705 986 1769 edere
997 1705 1065 1786 jam
1079 1711 1154 1770 6116
1168 1724 1267 1770 61166
1281 1711 1346 1770 116-

130 1811 223 1878 decim
238 1814 317 1878 mihi
331 1815 486 1896 proposui
501 1820 534 1880 et
549 1816 647 1880 otiam
660 1815 801 1896 promisi.
846 1816 997 1880 Attamen
1014 1816 1103 1896 operi
1116 1835 1245 1880 manum
1261 1817 1344 1881 serio

129 1924 293 1989 admovens
310 1943 450 1990 summas
466 1925 598 2008 cognovi
614 1926 829 1991 difficultates.
860 1926 967 1990 Primo
980 1926 1063 1990 61111
1074 1926 1175 2007 probe
1186 1927 1344 2007 perspexi,

129 2034 311 2114 publicando
337 2036 477 2101 breviori
503 2036 686 2116 enchiridio,
713 2038 799 2117 quod
822 2036 1002 2116 theologiae
1028 2037 1232 2101 studentibus
1259 2043 1345 2102 66661

130 2145 210 2209 ducis
223 2145 338 2226 instar,
353 2147 494 2227 plurium
508 2147 691 2228 indigentiis
707 2147 794 2211 haud
810 2165 881 2211 esse
897 2145 1106 2226 satisfactum,
1122 2148 1154 2211 in
1166 2148 1272 2228 specie
1283 2167 1345 2212 non

129 2273 237 2335 eorum,
255 2256 312 2337 qui
326 2258 368 2320 ad
383 2258 570 2323 doctoratus
585 2259 721 2340 gradum
736 2263 792 2321 aut
807 2258 849 2322 ad
864 2255 999 2323 do'cendi
1013 2277 1128 2322 munus
1143 2258 1296 2339 aspirant,
1313 2264 1346 2322 et

128 2366 234 2445 quibus
249 2386 309 2432 166
323 2373 451 2448 tempus
466 2387 570 2449 neque
585 2368 669 2433 vires
685 2373 875 2450 suppetunt,
896 2374 933 2433 ut
948 2369 990 2432 ad
1005 2369 1098 2449 plura
1114 2388 1212 2450 opera
1225 2370 1345 2434 incum-

127 2475 196 2542 bant
216 2479 321 2560 magis
344 2479 488 2544 minusve
510 2479 647 2544 dissona.
694 2480 778 2556 Quid
799 2498 874 2544 vero
892 2479 1014 2561 elonga
1029 2480 1237 2544 materiarum
1254 2480 1346 2561 copia

128 2594 203 2653 esset
217 2591 456 2669 assumendum,
479 2609 519 2654 ne
532 2590 580 2654 illi
594 2590 691 2655 nimia
711 2591 793 2655 mole
810 2590 1076 2671 opprimerentur,
1100 2597 1133 2656 61
1148 2596 1185 2655 11
1198 2591 1232 2656 hi
1246 2591 1345 2656 habe-

127 2705 203 2779 rent,
225 2700 285 2764 ubi
298 2701 414 2781 pedem
428 2699 563 2782 figerent
578 2702 619 2765 ad
635 2701 821 2766 ulteriorem
835 2720 1057 2783 progressum,
1081 2707 1114 2767 et
1128 2706 1165 2765 ut
1181 2720 1289 2767 omnes
1304 2704 1345 2767 de
1426 2713 1429 2722 ’

6 2873 7 2876 ,
127 2811 200 2874 66611
215 2812 362 2876 thesauri
377 2811 484 2876 indole
497 2812 613 2877 rationi
628 2812 811 2877 reddendae
826 2831 922 2892 pares
933 2811 1056 2892 fierent,
1071 2812 1191 2893 ubique
1202 2813 1343 2878 locorum

128 2920 336 2987 determinare
350 2942 413 2986 non
428 2927 498 2987 6161
512 2923 614 3001 166116,
630 2922 767 3002 ideoque
782 2922 929 3002 repetitis
944 2922 1067 2986 vicibus
1079 2923 1142 2986 6116
1153 2923 1344 2987 videbantur

126 3031 304 3112 omittenda,
320 3033 469 3098 addenda
483 3033 555 3098 6116.
582 3033 681 3097 Porro
697 3032 933 3097 recentissimas
944 3031 1190 3112 lucubrationes,
1206 3050 1289 3112 quae
1301 3032 1343 3096 ad

127 3141 320 3225 disciplinam
334 3144 530 3225 isagogicam
546 3147 692 3225 spectant
708 3148 740 3208 et
756 3143 904 3208 continuo
920 3143 981 3207 sibi
996 3143 1179 3223 succedunt,
1196 3143 1343 3224 ignorare

126 3253 198 3319 velle
217 3261 277 3318 aut
296 3255 401 3320 obiter
421 3259 561 3320 tractare
581 3255 725 3335 ineptum
744 3253 828 3318 foret
843 3259 876 3319 et
892 3258 978 3319 certe
992 3253 1088 3319 finem
1101 3273 1163 3320 non
1178 3272 1343 3334 promove-

127 3369 182 3442 ret;
201 3366 270 3446 jam
291 3371 401 3431 autem
421 3365 540 3431 eruditi
560 3366 593 3430 in
612 3365 854 3446 quaestionibus
874 3365 962 3429 haud
976 3365 1161 3446 adiaphoris
1175 3369 1343 3444 tantopere

127 3473 203 3540 inter
218 3495 254 3540 se
270 3476 469 3557 discordant,
493 3483 526 3542 et
540 3477 659 3558 placita
675 3495 733 3541 sua
748 3479 838 3541 tanto
854 3481 1114 3556 argumentorum
1128 3475 1269 3555 pondere
1283 3473 1343 3538 ful-

127 3584 184 3650 cire
199 3591 363 3667 conantur,
380 3594 417 3652 ut
431 3589 472 3652 ad
489 3607 580 3652 suam
595 3587 697 3668 ipsius
712 3587 903 3652 sententiam
918 3586 985 3650 sive
1000 3587 1152 3650 tuendam
1164 3585 1230 3649 sive
1246 3585 1342 3650 corri-

126 3697 254 3773 gendam
270 3698 413 3762 severius
429 3718 561 3764 examen
576 3699 680 3763 denuo
696 3698 738 3762 sit
753 3696 985 3762 instituendum
1005 3700 1038 3760 et
1053 3696 1181 3777 saepius
1197 3700 1343 3775 repeten-

126 3805 202 3869 dum.
226 3808 373 3889 Denique
388 3808 472 3874 inter
486 3808 672 3889 disciplinae
682 3809 864 3890 isagogicae
875 3807 1026 3871 materias
1037 3808 1120 3872 tales
1130 3807 1342 3885 inveniuntur,

126 3932 201 3993 quae
216 3919 488 3998 disputationibus
502 3918 634 3983 infinitis
648 3919 789 3983 traditae
801 3937 871 3983 6666
882 3919 1059 3993 videantur,
1082 3917 1228 3998 Exempli
1238 3919 1343 3998 gratia

6 4115 7 4118 Ἴ
125 4027 282 4093 nominare
297 4030 436 4094 sufficiet
451 4029 655 4111 apocalypsin
675 4048 699 4094 6.
716 4029 737 4092 d
739 4029 857 4093 oannis.
894 4028 992 4093 Liber
1007 4029 1059 4093 hic
1080 4033 1204 4109 septem
1223 4027 1342 4092 adhuc-

125 4135 195 4202 dum
212 4137 338 4208 clausus
354 4160 425 4206 esse
440 4141 568 4206 videtur
582 4140 709 4222 sigillis3
724 4158 798 4205 nam
814 4140 841 4204 si
857 4159 929 4204 eum
942 4140 1118 4205 sexcenties
1130 4139 1228 4220 legas,
1244 4139 1342 4204 66616-

126 4247 188 4314 siae
205 4249 323 4316 Christi
343 4253 383 4317 de
404 4251 550 4317 omnibus
571 4251 717 4317 hostibus
738 4251 904 4316 victoriam
925 4251 1078 4330 describi,
1103 4255 1136 4315 et
1150 4248 1341 4315 ineffabilem

126 4376 240 4441 eorum,
263 4363 318 4444 qui
332 4364 466 4428 vicerint
482 4363 645 4444 stolasque
661 4381 737 4426 suas
756 4361 892 4427 laverint
907 4361 939 4425 in
955 4362 1108 4442 sanguine
1123 4361 1215 4442 Agni,
1237 4360 1342 4425 beati-

125 4471 221 4537 tatem
237 4474 428 4555 adumbrari,
444 4474 567 4554 absque
582 4472 772 4548 difficultate
786 4471 945 4554 intelliges
960 4471 1103 4554 quidem;
1118 4475 1170 4535 ast
1185 4471 1263 4553 quid
1278 4471 1341 4536 611-
