3314 5166
774 279 1057 345 -158-—

390 454 420 518 2.
443 451 608 516 relationes
622 473 696 514 suos
705 449 874 535 permodicis
894 449 1055 535 aquaeue
1070 447 1235 537 dilabenter
1248 449 1363 514 ooatrb
1378 449 1484 513 claras
1500 463 1529 513 et

305 537 526 602 determinatos
538 537 687 616 exhibent,
703 554 774 600 cum
789 556 851 602 non
865 539 990 600 tautum
1005 541 1132 618 tempus
1148 539 1180 601 et
1193 535 1307 617 locum,
1323 555 1386 617 quo
1402 533 1529 618 singula

305 626 487 704 evenerunt,
500 626 649 688 accurate
660 620 822 701 definiant,
833 621 891 687 sed
903 621 1000 686 etiarn
1010 622 1170 686 variarum
1181 640 1389 702 personarum
1400 621 1528 686 nomina

307 713 560 774 commemorent.
603 707 716 788 Neque
731 708 791 772 hoc
805 705 939 772 inveniri
954 707 1036 772 solet
1050 707 1082 770 in
1098 725 1208 772 eorum
1223 706 1447 788 relationibus,
1471 706 1528 788 qui

304 793 376 858 aliis
390 794 553 876 imponere
574 793 758 872 intendunt;
780 792 936 874 impostor
958 791 1091 857 callidus
1112 793 1220 875 potius
1243 793 1471 859 obscuritatem
1495 797 1529 856 et

305 879 547 962 ambiguitatem
562 883 721 960 sectatur,
744 878 799 943 ubi
814 878 854 944 de
868 877 961 943 factis
976 883 1121 959 ternpore
1136 883 1169 944 et
1182 878 1251 944 loco
1267 897 1381 960 pamm
1396 877 1529 944 remotis

305 983 481 1031 6611161611
495 964 581 1045 facit,
596 984 637 1029 ne
651 965 721 1046 ipse
735 962 857 1029 11611116
868 981 941 1028 mox
955 964 1153 1046 detegendae
1164 965 1270 1030 media
1285 965 1479 1046 suppeditet,
1495 968 1530 1028 et

304 1056 342 1115 ut
353 1051 467 1116 saltem
478 1050 616 1116 credulis
626 1050 824 1132 aliquamdiu
833 1049 940 1114 fucum
951 1048 1057 1130 faeiat,
1072 1057 1138 1131 aut,
1154 1051 1182 1115 61
1193 1051 1410 1132 deprehensus
1420 1049 1529 1128 fuerit,

307 1135 448 1218 effugere
463 1137 574 1220 possit.
619 1135 658 1200 N.
674 1136 708 1200 T.
724 1136 897 1217 scriptores

390 1224 420 1288 3.
442 1223 563 1286 uanior·
575 1221 764 1302 odelonem,-
786 1221 894 1302 potius
909 1227 976 1285 tarn
990 1239 1115 1303 regum,
1137 1220 1314 1303 principum
1331 1225 1364 1286 et
1380 1221 1530 1286 sacerdo-

305 1313 382 1389 tum,
399 1325 495 1390 quam
509 1306 612 1390 plebis
626 1307 753 1388 placita,
769 1325 874 1372 mores
889 1325 927 1371 ac
942 1306 1050 1372 studia
1065 1325 1217 1387 perversa
1229 1307 1341 1372 eedem
1356 1306 1532 1372 severitate

306 1395 481 1476 castigant;
503 1398 672 1475 praeterea
687 1410 811 1458 omnem
827 1392 1016 1473 sapientiam
1030 1393 1201 1458 humanam
1218 1391 1345 1458 Christo
1360 1392 1533 1457 adversam

306 1479 477 1544 stultitiam
491 1478 670 1559 declarent,
691 1483 885 1559 cunctosque
900 1496 1008 1542 errare
1022 1481 1183 1559 asserrmt,
1206 1478 1261 1560 qui
1277 1476 1396 1544 Christi
1410 1478 1532 1544 doctri-

306 1583 380 1629 nam
395 1585 457 1630 non
472 1567 657 1647 sequuntur.
687 1564 883 1645 Impostores
894 1569 1002 1629 autem
1016 1564 1158 1630 moribus
1174 1583 1212 1629 ac
1226 1564 1342 1629 studiis
1356 1565 1531 1643 hominum,

307 1654 340 1715 et
362 1651 491 1732 quidem
512 1650 563 1716 vel
583 1649 702 1731 plebis,
728 1649 779 1714 vel
799 1667 968 1730 procerum
991 1652 1023 1714 et
1047 1649 1246 1734 eruditorum
1268 1649 1392 1714 adulari
1415 1649 1530 1729 solent,

306 1741 402 1819 prout
422 1737 464 1800 ad
484 1735 563 1802 fines
585 1754 660 1801 suos
675 1735 891 1817 assequendos
913 1753 1029 1800 causae
1044 1753 1121 1800 suae
1136 1740 1193 1800 aut
1214 1735 1408 1802 asseclarum
1422 1735 1530 1815 turba,

306 1827 364 1886 aut
378 1826 586 1904 patronorum
600 1821 744 1903 potentia
759 1840 793 1886 se
808 1822 952 1903 indigere
966 1821 1155 1903 intelligunt.
1437 1865 1439 1870 -

389 1908 419 1972 4.
443 1907 574 1974 Summa
588 1905 797 1971 incarnando
813 1921 942 1972 utuntur
956 1907 1175 1991 srinpleoo‘tate5
1196 1906 1282 1972 facta
1297 1907 1381 1972 enim
1395 1906 1531 1989 grandia

308 1999 342 2059 et
357 1993 516 2075 stupenda
538 1993 771 2059 ordinariorum
793 1993 896 2058 instar
918 1991 1118 2072 describunt,
1146 1997 1178 2058 et
1202 1992 1390 2074 popularem
1415 1993 1530 2074 magis,

307 2097 403 2161 quam
417 2080 460 2144 ad
475 2078 675 2160 eloquentiae
691 2085 724 2144 et
738 2079 817 2144 artis
832 2077 1019 2144 dialecticae
1033 2078 1161 2160 regulas
1183 2079 1394 2159 compositum
1409 2095 1531 2142 sermo-

305 2183 379 2229 nem
401 2165 569 2244 adhibent,
594 2165 642 2229 ita
663 2168 700 2228 ut
721 2165 762 2230 de
784 2164 909 2229 aurium
923 2164 1065 2246 pruritu,
1089 2165 1129 2229 de
1148 2164 1359 2229 admiratione
1373 2163 1530 2228 lectorum

309 2250 475 2316 excitanda
489 2267 621 2331 prorsus
636 2269 699 2315 non
714 2249 841 2315 solliciti
855 2253 1048 2332 appareant,
1073 2254 1105 2314 et
1118 2267 1182 2314 non
1195 2249 1290 2314 aliam
1306 2268 1415 2314 curam
1429 2250 1530 2314 mani-

206 2399 216 2424 ,
306 2335 437 2416 festent,
453 2335 514 2402 nisi
529 2339 577 2415 ut,
594 2353 677 2416 quae
693 2340 875 2416 evenerant,
891 2354 911 2400 a
927 2335 1054 2400 Christo
1069 2335 1156 2400 dicta
1170 2339 1228 2400 aut
1241 2334 1327 2400 facta
1342 2339 1448 2414 erant,
1468 2334 1530 2400 lec-

307 2426 395 2487 tores
407 2421 569 2500 edoceant,
584 2439 773 2502 persuesum
783 2421 948 2502 habentes,
963 2422 1132 2486 veritatem
1144 2419 1287 2486 artificiis
1299 2439 1362 2486 non
1376 2421 1529 2502 indigere,

307 2507 365 2572 sed
380 2525 439 2571 sua
453 2506 554 2587 ipsius
566 2508 597 2571 vi
612 2507 839 2588 impedimenta
849 2507 981 2588 quaevis
996 2511 1220 2588 superaturam
1232 2507 1531 2588 esse—Impostor

307 2598 431 2673 autem,
454 2592 530 2674 quia
550 2592 739 2674 plerumque
760 2611 914 2675 personas
937 2598 1041 2659 certas
1056 2612 1115 2676 per
1135 2592 1281 2658 fraudem
1295 2593 1346 2658 vel
1368 2592 1529 2672 extollere,

307 2678 358 2743 vel
372 2678 551 2760 deprimere
565 2678 692 2760 nititur,
708 2680 813 2745 varias
829 2679 981 2744 orationis
996 2683 1083 2744 artes
1098 2679 1226 2745 minime
1240 2679 1377 2760 spernit,
1395 2682 1428 2743 et
1443 2679 1529 2759 quod

307 2763 497 2830 relationum
508 2764 637 2830 veritati
652 2765 752 2846 deest,
768 2770 883 2831 ornatu
898 2765 1054 2847 quaesito,
1070 2764 1247 2830 sublimiori
1261 2764 1388 2830 dicendi
1402 2782 1528 2845 genere,

307 2849 419 2933 figuris
435 2855 468 2916 et
481 2850 673 2933 imaginibus
688 2850 863 2933 splendidis
878 2869 1084 2932 compensare
1098 2850 1274 2916 adlaborat.
1318 2850 1466 2931 Denique

331 2957 332 2960 ’
391 2936 421 3002 5.
444 2959 506 3000 ooo
527 2949 646 3000 tontum
667 2960 809 3019 6666111,
831 2938 889 3002 sed
908 2940 1001 3000 etiarn
1022 2937 1253 3024 666616666111
1267 2959 1379 3000 naevos
1394 2934 1530 3000 candido

299 3022 463 3108 fatentur,
487 3026 520 3088 et
538 3022 622 3088 inter
641 3023 701 3088 hos
723 3023 821 3103 tales,
844 3023 899 3105 qui
920 3021 1105 3088 auctoritati
1128 3040 1237 3087 eorum
1258 3021 1351 3086 facile
1373 3021 1529 3104 derogare

308 3109 500 3189 potuissent,
515 3107 615 3172 veluti
629 3108 706 3174 dum
721 3127 756 3174 se
771 3109 897 3190 ingenio
912 3108 1038 3188 tardos,
1061 3107 1158 3172 variis
1173 3107 1378 3190 praejudiciis
1394 3125 1529 3188 occupa-

308 3201 372 3274 tos,
388 3194 543 3259 honorum
559 3193 706 3274 cupidae,
721 3194 901 3264 incredulos
916 3194 1109 3275 timidosque
1125 3194 1241 3259 dicunt.
1283 3193 1364 3270 ,Quis
1376 3194 1454 3274 jam,
1470 3192 1528 3257 nisi

307 3279 453 3344 veritatis
483 3279 735 3346 studiosissimus
770 3281 828 3360 sit,
864 3280 1011 3361 proprios
1047 3277 1191 3344 defectus
1223 3284 1337 3360 sponte
1365 3277 1527 3344 fateatur?

308 3365 469 3447 Impostor
481 3366 590 3447 potius
605 3383 640 3430 se
655 3383 796 3448 suaeque
810 3365 913 3446 partis
926 3365 1070 3430 homines
1089 3364 1354 3446 praeclarissimis
1369 3365 1525 3430 coloribus

309 3451 481 3533 depingere
492 3455 634 3531 conatur,
650 3451 822 3531 reticendo,
835 3457 867 3516 et
877 3451 934 3515 ubi
943 3451 1004 3515 1166
1015 3449 1085 3516 fieri
1096 3451 1216 3532 nequit,
1228 3450 1342 3515 saltem
1352 3450 1524 3532 mitigando

310 3543 343 3601 et
357 3537 549 3618 excusando,
572 3555 781 3619 quaecunque
802 3536 864 3602 sibi
884 3541 942 3602 aut
963 3555 1041 3603 suae
1060 3536 1162 3619 partis
1181 3536 1360 3601 hominibus
1375 3538 1524 3616 quodam·

309 3622 407 3688 modo.
417 3623 572 3705 derogare
586 3623 718 3704 possint.
868 3627 872 3636 '
958 3627 961 3632 '

395 3709 484 3785 Quae
500 3727 570 3774 cum
584 3710 631 3773 ita
651 3728 687 3774 se
705 3708 861 3787 habeant,
883 3707 1054 3773 relationes
1068 3707 1107 3771 N.
1124 3707 1158 3770 T.
1174 3710 1341 3772 auctorum
1363 3708 1448 3774 omni
1466 3703 1523 3770 fide

114 3851 117 3858 .
223 3801 225 3806 “
310 3791 425 3874 dignae
441 3794 616 3858 censendae
631 3798 714 3874 sunt,
730 3798 763 3859 61
775 3794 829 3876 qui
844 3793 1119 3872 nonobstantibus
1134 3792 1205 3874 illis,
1221 3811 1304 3874 quae
1318 3793 1361 3857 ad
1370 3793 1524 3858 vindican-

311 3872 385 3944 darn
401 3896 510 3944 eorum
525 3879 725 3960 axiopistiam
741 3879 838 3944 allata
856 3883 946 3959 sunt,
969 3878 1164 3961 argumentis
1186 3877 1281 3944 fidem
1304 3878 1350 3942 616
1372 3880 1522 3959 denegare

311 3964 423 4030 vellet:
445 3984 507 4030 non
517 3965 586 4046 jam
600 3965 749 4046 rationes,
766 3966 823 4030 sed
838 3965 1013 4030 sententias
1029 3981 1104 4030 suas
1118 3968 1369 4045 praeoccupatas
1386 3970 1418 4030 et
1432 3960 1522 4046 perti·

310 4050 402 4116 16616
416 4049 613 4134 praejudicia
628 4051 719 4132 sequi
733 4051 887 4117 dicendus
901 4050 992 4132 foret,
1007 4050 1105 4131 idque
1121 4068 1158 4116 eo
1173 4050 1284 4152 magis,
1303 4050 1380 4131 quia
