3314 5166
624 318 909 383 ¹....143....

140 487 235 570 quis,
262 505 399 570 quaeso,
423 489 550 569 credat,
565 493 616 554 tot
631 489 714 554 sacri
728 493 836 555 textus
851 494 1056 555 monumenta
1070 491 1113 556 ad
1128 507 1226 555 unum
1241 490 1380 556 omniaa

139 575 346 640 monachise
361 579 430 639 toto
445 580 605 638 terrarum
616 575 694 640 orbe
709 574 844 640 sollicite
860 576 1049 656 conquisita,
1065 581 1098 640 et
1108 577 1233 642 nemine
1247 593 1380 659 prorsus

139 659 312 725 renitente
323 663 448 724 mutata
459 677 530 724 esse
542 678 599 725 seu
613 659 829 741 interpolata?
844 661 981 726 Etiamsi
992 680 1068 726 vero
1084 661 1188 743 colligi
1199 663 1380 743 potuissent

140 745 274 825 omnia,
302 746 373 827 quis
396 745 460 809 sihi.
479 747 690 826 persuadeat,
717 746 887 812 monachos
909 746 980 811 illos
1000 746 1182 829 linguarum
1202 747 1380 813 diversissi-
1490 815 1493 821 ,

138 849 278 894 marum
299 831 380 896 adeo
400 829 499 896 fixisse
521 850 653 914 gnaros,
677 836 714 895 ut
735 831 929 897 mutationes
952 851 1028 896 suas
1050 833 1148 896 etiam
1169 833 1379 912 versionibus

140 933 232 1000 quae
249 918 284 980 in
300 917 447 981 omnibus
461 916 529 982 fere
549 917 666 1000 linguis
683 918 865 998 exstabant,
889 918 1062 983 obtrudere
1075 920 1231 998 possent?
1258 918 1380 995 Quodsi

138 1007 260 1066 autem
272 1002 333 1066 hoc
344 1003 539 1083 praestando
550 1002 690 1083 impares
702 1007 802 1082 erant,
814 1003 1090 1084 interpolationem
1103 1007 1230 1068 tentare
1241 1004 1379 1084 quidem,

138 1105 207 1151 non
224 1105 307 1152 vero
330 1088 542 1154 universalem
562 1087 687 1152 efficere
706 1087 865 1164 valebant.
909 1087 1184 1170 Conspirationem
1206 1089 1379 1153 multorum

136 1172 379 1238 monachorum
405 1173 541 1238 diversis
566 1174 682 1255 linguis
707 1174 865 1240 utentium
890 1192 1071 1256 supponere
1096 1175 1272 1238 absurdum
1296 1173 1380 1239 foret

137 1264 214 1322 tum
231 1259 278 1323 ob
294 1259 454 1324 diversam
470 1265 504 1324 et
524 1277 587 1323 non
609 1279 682 1324 raro
705 1260 872 1324 adversam
895 1277 1005 1324 eorum
1025 1260 1187 1342 cogitandi
1201 1279 1239 1325 ac
1252 1259 1380 1325 vivendi

135 1344 309 1416 rationem
340 1363 377 1409 ex
402 1345 538 1409 historia
561 1350 686 1424 notam,
716 1351 785 1409 tum
810 1346 886 1426 quia
914 1344 1004 1410 haus
1033 1345 1143 1410 multis
1161 1345 1300 1428 cognita
1328 1345 1379 1409 vix

136 1428 302 1495 latuisset
315 1429 434 1511 plures.
464 1429 611 1511 Denique
622 1431 664 1518 de
678 1431 865 1512 quaestione
880 1436 991 1496 nostra
1005 1431 1166 1510 historica,
1183 1437 1291 1496 utrum
1305 1431 1380 1495 libri

136 1516 231 1579 sacri
247 1515 367 1597 integri
382 1517 425 1581 ad
439 1535 497 1580 nos
512 1517 729 1598 pervenerint,
744 1535 803 1581 nec
817 1536 871 1596 ne,
886 1536 949 1581 non
965 1536 983 1582 e
997 1517 1086 1582 vanis
1102 1518 1302 1597 conjecturis,
1322 1517 1380 1581 sed
1492 1591 1496 1600 ‚

101 1601 103 1603 ’
133 1601 278 1666 nonnisi
294 1619 313 1666 a
327 1601 519 1668 testimoniis
533 1600 598 1667 fide
613 1602 718 1684 dignis
733 1603 924 1668 seutentiam
938 1601 1023 1668 ferre
1037 1603 1121 1668 licet.

714 1823 742 1906 ξι
765 1824 817 1892 97.

245 1958 278 2026 ο)
302 1959 418 2012 Libros
433 1971 539 2011 sacros
550 1959 593 2011 N.
605 1959 639 2010 Ψ.
651 1970 748 2010 sensu
758 1959 920 2011 strictiore
932 1973 998 2011 non
1009 1958 1221 2021 interpolatos
1232 1971 1310 2019 esse,

476 2048 665 2106 argumenta
680 2044 778 2096 etiam
789 2045 920 2097 interna
931 2045 1057 2097 docent.

132 2240 135 2248 ,
238 2199 315 2264 Sive
328 2204 552 2282 argumentum
566 2197 720 2264 librorum
734 2198 773 2263 N.
790 2199 839 2279 T.,
863 2198 931 2264 sive
944 2197 1079 2264 formam
1094 2204 1289 2280 spectemus,
1309 2198 1379 2263 nul·

137 2287 218 2351 lum
233 2285 492 2366 interpolationis
507 2285 619 2349 stricte
633 2285 708 2349 talis
722 2283 828 2350 iactae
841 2285 1018 2350 invenimus
1032 2285 1211 2367 vestigium.
1257 2285 1351 2362 Quod

239 2371 269 2434 1.
293 2383 505 2457 argumentum
521 2369 716 2453 (materiam)
732 2371 846 2436 horum
860 2370 1014 2436 librorum
1031 2373 1162 2451 attinet,
1186 2371 1247 2436 hoc
1260 2371 1379 2452 partim

137 2456 343 2523 historicum
358 2461 417 2538 est,
432 2456 551 2537 partim
566 2456 768 2521 didacticum.
813 2457 848 2522 Si

238 2541 275 2624 a)
297 2544 332 2605 to
346 2555 442 2627 porte
462 2543 613 2606 historico
635 2543 771 2608 mutatio
787 2543 946 2624 quaedam
962 2542 1140 2608 essentialis
1156 2546 1242 2608 esset
1256 2541 1379 2623 effecta,

138 2631 201 2695 vix
218 2628 371 2694 abessent
393 2647 413 2693 a
434 2627 524 2694 libris
546 2629 664 2693 nostris
679 2628 913 2694 anachronismi
929 2633 962 2693 et
982 2629 1159 2710 generatim
1181 2629 1274 2708 talia,
1297 2647 1381 2710 quae

138 2717 187 2781 ab
207 2714 372 2796 adjunctis
387 2714 554 2795 temporis,
576 2713 718 2779 locorum
740 2720 772 2780 et
786 2733 996 2796 personarum
1011 2714 1140 2778 aliunde
1161 2714 1245 2778 notis
1261 2715 1381 2779 discor-

141 2803 286 2880 darent3
309 2820 372 2866 non
393 2800 611 2866 invenirentur
632 2799 776 2865 defectus
791 2800 824 2865 in
838 2799 973 2864 historia
987 2799 1067 2864 Jesu
1090 2803 1123 2863 et
1136 2798 1380 2879 Apostolorum

139 2891 210 2953 aut
226 2890 350 2966 cuncta,
367 2904 450 2967 quae
465 2886 532 2950 sive
549 2884 675 2948 Christo
690 2885 761 2966 ipsi,
777 2885 844 2950 sive
858 2884 1031 2968 Apostohs,
1051 2884 1118 2948 sive
1133 2883 1265 2964 singulis
1281 2884 1381 2950 ecole-

142 2973 211 3040 siis
228 2971 411 3036 christianis
426 2971 529 3036 miuus
544 2967 718 3034 honorifica
731 2969 889 3049 videntur,
906 2974 1013 3034 essent
1028 2968 1142 3034 deleta.
1178 2969 1280 3050 Atqui
1293 2970 1381 3034 nulla

141 3075 265 3142 pugna
287 3075 358 3121 cum
380 3056 538 3138 adjunctis
561 3055 633 3120 aevi
654 3054 822 3136 apostohd
841 3055 1093 3141 deprehenditur
1115 3053 1198 3135 (coll.
1216 3073 1283 3135 cap.
1300 3056 1324 3118 1.
1340 3055 1380 3119 de

144 3142 353 3224 authentia);
375 3142 481 3207 nullus
502 3144 638 3222 apparet
660 3146 793 3205 conatus
815 3140 985 3222 supplendi
1006 3139 1149 3206 defectus
1164 3140 1333 3205 historicos
1348 3139 1382 3204 in

146 3227 329 3308 evangehis
352 3234 385 3292 et
406 3227 438 3316 in
459 3227 585 3292 actibus
599 3227 711 3307 Apost.
727 3226 854 3308 obvios,
877 3227 919 3292 ad
941 3244 1022 3308 quos
1043 3231 1151 3295 tamen
1172 3226 1381 3292 removendos

146 3313 325 3380 maximam
341 3308 596 3377 sollicitationem
611 3311 751 3393 antiquis
766 3310 865 3378 luisse
879 3311 953 3378 inde
969 3312 1133 3393 discimus,
1149 3313 1236 3393 quod
1250 3311 1334 3377 huuc
1347 3311 1381 3376 in

146 3399 251 3464 finem
272 3396 450 3478 peculiares
476 3397 576 3462 libros
603 3399 787 3479 suppositos
813 3417 885 3464 esse
910 3399 1043 3478 scimus,
1078 3418 1106 3462 v.
1130 3418 1159 3479 g.
1183 3397 1381 3479 evangehum

147 3483 309 3550 infantiae
329 3482 425 3563 Jesu,
448 3488 521 3548 acta
536 3482 626 3548 Petri
641 3487 717 3549 etc·
743 3482 844 3550 Porro
867 3484 997 3549 sinistra
1019 3483 1217 3548 ludaeorum
1239 3483 1279 3547 de
1302 3483 1381 3548 Jesu

47 3605 52 3612 ·
135 3617 139 3624 -
145 3569 274 3652 judicia
289 3569 471 3634 adhucdum
487 3568 637 3651 legrmtur
650 3569 684 3633 in
698 3569 871 3650 evangeliis
886 3569 1021 3648 nostris,
1037 3572 1070 3633 et
1085 3567 1223 3648 denique
1237 3569 1330 3634 naevi
1344 3587 1382 3633 ac

149 3653 300 3720 defectus
314 3655 542 3736 Apostolorum
565 3655 680 3720 alesu
701 3654 902 3736 reprehensi,
929 3659 961 3719 et
985 3672 1109 3718 errores
1124 3653 1267 3735 vitiaque
1283 3654 1382 3720 eccle-

64 3767 77 3785 ·
146 3741 277 3806 siarum
291 3740 332 3805 ab
346 3740 512 3822 Apostohs
527 3740 670 3806 severius
692 3741 851 3821 castigata
865 3739 898 3806 in
912 3739 1030 3805 nostris
1051 3739 1135 3804 sacri
1149 3743 1258 3805 textus
1271 3759 1382 3806 monu-

149 3826 271 3892 mentis
296 3826 469 3892 hodiedum
498 3826 710 3907 reperiuntnr.
736 3861 779 3872 -
807 3827 845 3890 ln
873 3825 1026 3890 historico
1053 3826 1166 3906 itaque
1191 3831 1381 3909 argumento

150 3911 361 3994 interpolatio
376 3912 488 3977 stricte
502 3911 577 3977 talis
594 3911 707 3978 effecta
720 3931 783 3976 non
799 3916 856 3978 est.
872 3947 914 3956 -
930 3911 1053 3988 Quodsi
1066 3930 1142 3976 vero

242 3996 273 4146 bg
293 3999 328 4062 io
343 4011 522 4084 orpomeoto
539 3995 711 4082 dopmotioo
724 3996 901 4062 essentiahs
917 3997 1030 4062 effecta
1042 4002 1128 4062 esset
1142 3998 1287 4076 mutatio,
1303 3997 1382 4061 haec

151 4083 205 4151 vel
231 4101 251 4148 a
295 4082 481 4148 orthodoxis
506 4081 557 4148 vel
580 4083 621 4146 ah
643 4083 847 4148 heterodoxis
869 4086 955 4148 esset
977 4086 1135 4166 suscepta.
1185 4081 1383 4147 Heterodoxi
1410 4088 1413 4094 ’

152 4169 306 4236 nimimm
328 4168 367 4234 N:
383 4168 418 4233 T.
440 4168 540 4233 libros
561 4168 726 4250 principiis
752 4173 785 4233 et
809 4168 936 4248 placitis
962 4168 1029 4232 suis
1054 4166 1252 4233 conformare
1277 4165 1383 4232 conati

153 4259 282 4334 essent3
305 4254 473 4320 orthodoxi
493 4258 602 4319 autem
622 4254 740 4336 partim
762 4253 834 4318 illos
858 4253 1074 4318 eliminassent
1088 4252 1139 4319 vel
1161 4251 1275 4317 saltem
1297 4251 1382 4316 miti-

152 4345 289 4424 gassent
302 4340 398 4421 locos,
414 4341 469 4422 qni
482 4339 559 4405 fidei
574 4340 750 4405 cathohme
765 4338 915 4404 contrarii
930 4357 1010 4419 esse,
1027 4338 1140 4403 saltem
1154 4335 1382 4402 minoslavum

154 4427 364 4504 ridebantur3
379 4427 497 4507 partim
513 4425 722 4506 addidissent,
738 4443 821 4506 quae
835 4425 877 4490 ad
892 4425 1044 4507 dogmata
1058 4424 1217 4504 quaedam
1229 4422 1382 4489 ecclesiae

153 4512 333 4578 cathohcae
354 4512 520 4592 probanda
539 4511 572 4576 in
587 4531 611 4577 s.
627 4512 788 4593 scriptura
809 4531 872 4576 non
886 4516 938 4576 sat
952 4510 1038 4575 clare
1051 4509 1263 4576 inveniuntur.
1307 4509 1328 4574 J
1330 4527 1382 4574 am

118 4646 121 4650 -
157 4618 233 4664 vero
248 4597 405 4680 ejusmodi
419 4597 614 4679 mutationis,
631 4602 663 4662 ot
679 4597 808 4678 quidem
822 4596 1011 4662 universalis
1025 4596 1066 4662 ab
1082 4595 1142 4661 hac
1154 4595 1205 4661 vel
1219 4595 1275 4660 illa
1288 4601 1382 4678 parte
