3364 5156
591 298 875 363 —175—

127 489 194 536 nem
203 469 314 553 Apost.
326 471 498 551 nominant,
514 471 709 546 recentiores
720 476 804 551 sunt,
819 489 917 552 qnam
931 474 969 535 ut
979 469 1025 535 cis
1036 470 1132 552 plena
1142 469 1223 537 fides
1232 470 1345 536 haberi

126 557 238 639 possit,
260 557 451 637 praesertim
465 575 537 622 uum
552 582 576 621 a.
591 558 804 644 ffl'eroaymua
810 605 820 638 ,
842 557 907 621 imo
929 556 1030 621 multo
1045 557 1208 638 antiquior
1221 557 1345 642 Pupius

125 647 283 708 auctorem
303 642 458 723 ignorent.
502 643 656 709 Attamen
676 643 709 707 iu
732 642 1113 728 epistolas.19oaat’ad
1135 644 1344 724 Smymenses

125 747 147 793 c.
164 729 200 808 1,
215 727 289 792 dein
303 728 345 791 ad
360 726 572 810 Polycarpum
588 749 613 795 c.
629 731 668 809 2.,
683 730 725 793 ad
740 728 1034 809 Philadelphienses
1051 747 1075 793 c.
1087 728 1117 794 5.
1128 729 1220 794 dicta
1236 746 1346 794 occur-

124 819 207 894 runt,
231 831 314 894 quaa
337 831 409 878 cum
431 820 542 880 nostro
563 819 655 880 textu
669 833 798 897 graeco,
823 818 856 880 et
877 813 1007 895 quidem
1023 832 1094 879 cum
1108 816 1138 895 3,
1155 813 1205 879 lb.
1229 813 1344 894 10,16.

124 901 149 979 6,
160 900 207 963 19.
218 899 270 963 20.
284 897 315 979 b,
322 899 375 962 48.
391 899 504 980 13,17.
519 919 583 965 non
597 906 723 966 tantum
737 901 769 965 in
781 899 923 982 siuguhs
940 899 1044 966 sedin
1059 900 1235 965 rarioribus
1248 900 1345 966 etiam

122 983 280 1050 vocabulis
295 990 446 1052 accurate
461 987 669 1068 concordant,
691 987 739 1052 ita
761 991 873 1052 utnon
889 1005 907 1051 e
927 991 1019 1052 textu
1033 986 1183 1052 hebraico
1198 1004 1345 1068 opever·

122 1071 207 1151 soris,
222 1087 328 1151 nequo
343 1089 382 1136 ex
396 1072 570 1138 traditione
585 1073 733 1139 desumta
748 1073 907 1138 censenda
921 1072 993 1137 sint.
1023 1073 1114 1136 ldem
1127 1071 1232 1137 locum
1247 1071 1346 1136 hahet

121 1157 150 1221 in
171 1155 308 1239 epistola
323 1179 347 1219 s.
365 1156 543 1242 Polycaopc‘
561 1160 604 1223 ad
618 1158 849 1240 Philippenses.
895 1158 1002 1234 Quare
1023 1156 1176 1222 Patribus
1194 1156 1258 1222 illis
1277 1157 1345 1238 Jam

120 1243 219 1308 versio
234 1259 352 1324 graeca
367 1243 524 1326 evangelii
538 1245 641 1310 nostri
654 1250 785 1326 praesto
799 1243 898 1310 buerit
911 1261 1042 1310 necesse
1057 1247 1115 1309 est.
1153 1242 1233 1308 (lum
1248 1261 1344 1324 porro

120 1346 280 1394 sacrarum
296 1327 529 1409 scripturarum
543 1331 719 1414 divulgatio
740 1329 796 1395 illat
817 1334 926 1405 aetate
939 1329 1057 1394 lentius
1077 1331 1283 1411 procederet,
1307 1345 1346 1392 ex

119 1414 185 1493 ipso
200 1413 411 1494 frequentiori
426 1420 534 1481 textus
548 1416 651 1482 nostri
672 1435 747 1498 usu,
771 1417 826 1498 qui
841 1435 925 1481 saec.
940 1415 982 1481 11.
997 1413 1108 1496 fiebat,
1133 1414 1282 1496 colligere
1295 1411 1345 1478 fas

120 1504 177 1581 cst,
191 1499 372 1566 versionem
386 1519 536 1582 graecam
551 1502 641 1568 brevi
655 1509 730 1585 post
744 1502 885 1568 hebraici
900 1506 1008 1567 textus
1024 1500 1210 1580 editionem,
1232 1505 1265 1565 et
1278 1497 1345 1564 fors

118 1585 155 1649 ab
170 1586 278 1668 aliquo
293 1585 522 1665 Apostolorum
537 1587 709 1671 discipulo,
731 1588 782 1654 vel
802 1588 861 1653 sub
880 1587 983 1668 ipsius
997 1585 1155 1652 Matthaei
1170 1585 1345 1650 directione

120 1687 186 1736 esse
201 1669 394 1752 confectam
409 1692 484 1738 nam
498 1693 523 1740 s.
535 1674 720 1740 Matthaeus
735 1673 846 1755 procul
861 1673 959 1738 dubio
973 1692 1037 1761 uon
1051 1673 1206 1738 minorem
1220 1677 1345 1736 extero-

119 1775 185 1821 rum
209 1757 585 1825 Judaeochristianorum
614 1759 730 1842 graeca
758 1758 868 1841 lingua
895 1759 1055 1824 utentium
1083 1757 1197 1823 hahuit
1226 1775 1344 1836 curam,

119 1859 210 1923 quam
220 1842 520 1926 Palaestinensinm,
537 1845 654 1927 quibus
669 1850 744 1927 ante
756 1845 935 1910 discessum
948 1844 981 1909 iu
996 1843 1215 1909 testimonium
1225 1841 1344 1908 amoris

87 1955 89 1960 ·
119 1929 163 1992 sui
189 1935 221 1995 et
247 1931 281 1995 iu
313 1931 603 2011 compensationem
633 1949 711 1996 suae
736 1930 939 2012 praesentiae
970 1928 1169 2010 evaugehum
1194 1927 1345 1994 hebraice

120 2014 270 2095 scriptum
285 2012 425 2095 reliquit.
461 2016 584 2094 Quodsi
598 2022 708 2081 autem
721 2016 826 2082 versio
840 2016 921 2081 haec
935 2014 977 2080 ab
992 2014 1100 2096 ahquo
1115 2014 1343 2096 Apostolorum

119 2099 270 2182 discipulo
285 2097 337 2164 vel
350 2100 445 2181 plane
460 2103 519 2167 sub
534 2102 637 2184 ipsius
653 2102 809 2168 Matthaei
824 2100 1001 2167 directione
1017 2098 1160 2166 confecta
1175 2103 1237 2179 est,
1253 2104 1290 2163 ut
1306 2117 1344 2164 ex

118 2185 286 2252 universali
298 2184 367 2265 ejus
382 2189 565 2270 receptione
581 2187 729 2269 colligere
744 2188 832 2254 licet:
849 2187 889 2252 de
903 2184 968 2251 fide
980 2187 1050 2268 eJus
1065 2185 1207 2251 dubitari
1224 2183 1343 2265 nequit.

118 2269 247 2338 Etiamsi
270 2289 347 2337 vcro
370 2272 555 2339 Matthaeus
577 2273 681 2339 nullas
703 2274 763 2339 hac
783 2273 816 2338 in
839 2292 875 2338 re
896 2271 1065 2338 habuisset
1086 2276 1212 2353 partes,
1238 2269 1343 2335 versio

118 2360 217 2423 tamen
233 2359 264 2424 ei
284 2356 377 2424 facile
397 2360 598 2426 innotescere
611 2359 731 2442 potuit,
756 2364 907 2441 certeque
921 2357 942 2422 J
944 2358 1039 2423 oanni
1053 2356 1208 2439 Apostolo
1223 2355 1345 2438 Ephesi

118 2442 239 2524 degenti
259 2445 415 2527 innotuit,
439 2446 508 2527 qui,
534 2446 562 2511 si
582 2445 660 2528 quid
680 2446 713 2510 in
733 2464 771 2511 ea
790 2445 1056 2528 deprehendisset
1077 2441 1250 2525 agenuina
1264 2441 1285 2506 J
1287 2460 1343 2507 esu

119 2525 232 2595 Christi
254 2531 402 2597 doctrina
424 2536 481 2597 aut
500 2532 636 2598 historia
657 2531 812 2611 alienum,
839 2551 903 2597 uon
924 2531 1096 2610 tacuisset,
1122 2529 1180 2594 sed
1203 2547 1344 2595 errorem

118 2617 311 2682 correxisset.
356 2618 395 2682 Id
409 2623 519 2685 autem
533 2637 675 2701 unquam
687 2615 810 2684 tactum
824 2635 910 2699 esse,
930 2616 1043 2684 nullibi
1056 2616 1202 2698 legimus.
1236 2614 1344 2692 Quare

117 2704 180 2766 tuto
195 2704 319 2768 utimur
334 2709 426 2769 textu
440 2709 552 2770 nostro
567 2723 693 2788 graeco.

454 2928 520 3035 n.
553 2958 793 3054 Evangelium
811 2979 839 3033 s.
858 2960 982 3035 uuor.

668 3129 696 3213 ξ.
716 3131 788 3198 118.

499 3267 548 3321 De
559 3267 664 3321 Marci
675 3281 814 3330 persona
829 3269 863 3318 et
874 3266 954 3320 vita.

198 3421 412 3504 Inscriptione
427 3428 461 3488 et
476 3422 626 3489 continua
638 3421 792 3488 ecclesiae
803 3421 977 3487 traditione
989 3419 1187 3502 evangelium
1198 3424 1343 3485 nostrum

119 3509 289 3573 secundum
304 3507 458 3573 tribuitur
473 3509 604 3591 Marco,
624 3509 680 3590 qui
695 3509 779 3574 inter
793 3509 913 3590 primos
929 3506 1085 3588 evangelii
1099 3524 1273 3588 praecones
1295 3506 1343 3571 in-

119 3589 236 3672 signem
251 3593 356 3659 tenuit
370 3594 483 3659 locum.
513 3594 638 3661 Nomen
653 3596 722 3677 ejus
737 3594 902 3677 proprium
918 3598 988 3659 erat
1003 3592 1153 3673 loannes,
1170 3611 1344 3674 cognomen

119 3674 243 3745 Marcus
259 3679 343 3761 (Act.
361 3681 417 3761 12,
436 3681 516 3764 12.);
539 3700 640 3764 quare
655 3699 728 3745 mox
743 3679 764 3744 J
766 3698 884 3745 oannes
899 3680 1028 3744 Marcus
1049 3677 1133 3759 (Act.
1150 3679 1208 3759 12,
1224 3678 1275 3743 25.
1292 3678 1343 3760 15,

119 3760 189 3845 tt),
205 3785 280 3830 mox
294 3764 315 3829 J
317 3783 435 3832 oannes
451 3766 535 3848 (Act.
553 3769 603 3850 13,
618 3769 647 3833 3.
665 3767 740 3850 13.),
755 3784 829 3831 mox
844 3766 974 3830 Marcus
989 3763 1073 3845 (Act.
1091 3763 1147 3846 15,
1163 3765 1214 3830 39.
1231 3763 1297 3830 Col.
1312 3764 1343 3845 4,

121 3845 165 3910 10.
180 3849 312 3917 Philem.
328 3852 379 3918 24.
394 3853 435 3917 Π.
452 3853 531 3918 Tim.
546 3853 577 3934 4,
593 3855 643 3919 11.
666 3853 690 3917 Ι.
706 3852 775 3917 Pet.
790 3852 821 3932 5,
839 3851 903 3934 13.)
918 3855 1069 3932 vocatur,
1093 3856 1126 3916 et
1140 3849 1228 3917 nulla
1250 3851 1344 3916 adest

119 3933 207 4028 ratio,
222 3938 304 4003 dnos
319 3944 378 4002 aut
391 3938 486 4020 plane
499 3944 568 4005 tres
583 3939 801 4021 distinguendi
815 3938 934 4019 viros1,
949 3937 1047 4018 idque
1062 3956 1100 4003 eo
1114 3937 1229 4018 minus,
1245 3955 1344 4019 quum

119 4033 232 4114 Virmn,
259 4041 356 4106 quem
376 4025 640 4106 LucasAct.15,
663 4026 714 4090 37.
745 4021 890 4113 Ἰωάννην
911 4023 967 4091 τὸν
987 4023 1182 4108 καλούμενον
1203 4023 1344 4109 Μάρκον

120 4099 208 4188 droit,
228 4109 339 4175 statim
353 4117 508 4192 sequente
521 4129 550 4176 v.
566 4111 617 4176 39.
651 4111 796 4176 Marcum
811 4108 999 4191 simpliciter
1011 4109 1169 4190 nominet,
1197 4112 1230 4174 et
1244 4125 1344 4189 quum

121 4185 255 4260 loannes
277 4196 542 4278 Marcus,‘quem
565 4216 637 4262 cum
651 4197 802 4262 Bamaba
821 4196 957 4260 multum
979 4200 1202 4262 conversatum
1217 4211 1289 4259 esse
1304 4211 1342 4258 ex
1465 4250 1468 4255 .

122 4271 186 4342 Act.
203 4278 257 4364 12,
272 4282 414 4365 25-13,
432 4284 481 4348 14.
498 4281 555 4365 15,
570 4284 621 4350 36.
637 4284 821 4365 edocemur,
837 4301 857 4348 a
872 4299 897 4347 s.
913 4281 1014 4348 Paulo
1029 4279 1218 4364 simpliciter
1231 4278 1342 4362 appel-

127 4426 320 4446 —h——a--u—

83 4505 86 4510 ¹
187 4537 197 4568 ¹
213 4535 266 4592 cfr.
280 4534 397 4592 coteller
406 4535 442 4592 ad
454 4535 559 4594 constit.
571 4537 692 4606 Apostol.
704 4536 739 4592 11.
754 4537 777 4591 l.
796 4553 822 4606 p.
835 4536 894 4593 262.
907 4534 969 4592 Not.
982 4533 1024 4590 36.
1041 4537 1070 4588 et
1080 4531 1209 4588 Patritius
1225 4531 1254 4588 in
1269 4547 1340 4588 com-

126 4609 199 4659 ment.
209 4606 236 4660 in
247 4607 377 4662 Marcum.
