3356 5176
608 341 871 407 „37-

130 510 181 576 illa
196 511 317 592 scripta
331 531 395 577 una
410 531 481 577 cum
497 513 577 578 actis
589 512 690 593 Pauli,
706 513 890 594 apocalypsi
901 512 998 594 Petri,
1015 514 1167 592 doctrinis
1178 515 1347 597 Apostolo-

129 616 196 660 rum
213 600 271 660 etc.
293 597 544 679 independenter
559 598 599 662 ab
614 599 777 680 Apostolis
794 598 979 664 elucubrata
994 618 1065 665 esse
1084 619 1273 682 persuasum
1291 602 1348 666 ha-

130 682 235 762 bebat,
258 683 305 748 ita
324 687 362 747 ut
381 703 419 749 ea
434 690 582 766 respectu
597 685 727 767 originis
742 685 937 768 apostolicae
952 685 1035 750 inter
1049 686 1089 752 τά
1105 687 1189 754 νόθα
1205 685 1347 752 referret.

684 906 712 987 s.
735 905 786 971 aa.

127 1041 154 1094 2.
172 1041 318 1094 Historia
330 1042 494 1094 canoniea
506 1042 642 1094 coneilio
652 1043 798 1094 Nicaeno
808 1043 834 1116 Ι,
845 1054 945 1103 usque
958 1040 1000 1092 ad
1013 1054 1098 1092 cono.
1109 1042 1344 1095 Tridentinum.

206 1195 421 1277 Exposuimns
437 1197 635 1276 sententiam,
651 1198 691 1260 ab
704 1196 853 1276 Eusebio,
866 1197 921 1278 qui
936 1196 1143 1260 traditionum
1155 1197 1346 1262 ecclesiasti·

126 1301 232 1346 carum
253 1282 515 1362 diligentissimus
537 1286 606 1348 erat
627 1286 800 1361 scrutator,
820 1281 920 1346 latam
938 1288 1013 1346 ante
1028 1300 1113 1347 conc.
1130 1281 1304 1347 Nicaenum
1319 1285 1343 1348 l.

125 1386 169 1430 an.
186 1367 259 1432 325.
276 1367 480 1432 celebratum.
527 1369 590 1433 Sed
614 1368 677 1432 alia
698 1387 805 1432 rerum
827 1365 924 1434 facies
946 1367 1059 1432 bacin
1080 1386 1115 1432 re
1131 1386 1203 1432 sese
1218 1369 1346 1434 exhibet

124 1458 194 1534 post
214 1453 303 1517 illam
319 1454 483 1533 synodum,
500 1458 532 1518 et
547 1453 677 1535 quidem
691 1454 723 1517 in
739 1452 879 1518 favorem
894 1455 959 1520 τῶν
974 1448 1232 1538 ἀντιλεγομένων,
1247 1454 1293 1518 ita
1308 1460 1344 1518 ut

122 1539 152 1601 in
172 1537 264 1617 Asia,
289 1537 397 1602 Africa
418 1544 451 1603 et
471 1539 503 1602 in
523 1538 618 1602 ltalia
633 1553 724 1603 omne
739 1537 806 1604 fere
822 1539 991 1604 discrimen
1005 1538 1090 1603 inter
1103 1537 1202 1603 libros
1216 1545 1343 1606 nostros

123 1623 157 1687 N.
170 1623 204 1687 T.
219 1622 342 1704 (proto-
353 1628 385 1688 et
397 1625 712 1689 deutero-canonicos
725 1624 841 1706 dictos)
853 1625 942 1704 prius
953 1624 1063 1706 vigens
1075 1629 1161 1688 esset
1173 1625 1343 1705 sublatum,

124 1714 153 1774 et
165 1709 270 1773 omnis
286 1709 494 1774 contradictio
511 1714 723 1774 evanesceret.
752 1710 801 1775 De
816 1710 884 1774 sola
900 1710 1031 1774 loannis
1047 1709 1230 1790 apocalypsi
1244 1711 1277 1774 in
1292 1730 1343 1776 eo-

124 1794 215 1859 clesia
235 1813 352 1876 graeca
367 1795 576 1859 dubitabatur
590 1814 610 1859 a
624 1795 795 1874 nonnullis
815 1795 1025 1875 probabiliter
1038 1794 1133 1858 motis
1149 1795 1342 1862 auctoritate

123 1879 264 1960 Dionysii
278 1879 376 1959 Alex,
397 1881 452 1962 qui
467 1881 622 1945 loannem
642 1880 865 1961 presbyterum
880 1880 964 1944 illius
980 1883 1143 1944 auctorem
1158 1881 1340 1945 declaravit.

125 1965 296 2030 Luculenta
316 1966 502 2032 mutationis
522 1967 582 2030 hac
596 1966 628 2029 in
643 1964 796 2031 refactae
811 1966 993 2030 testimonia
1008 1964 1164 2045 praebent
1179 1965 1292 2030 Patres
1308 1975 1341 2032 et

127 2052 291 2134 scriptores
307 2051 468 2131 ecclesiae,
485 2050 616 2116 concilia
632 2056 664 2114 et
678 2050 844 2131 pontifices
859 2050 989 2115 romani.

201 2138 231 2200 l.
255 2137 369 2202 Patres
385 2142 418 2203 et
434 2137 606 2218 scriptores
622 2136 782 2202 ecclesiae.
814 2136 866 2201 Sic

198 2223 235 2304 a)
260 2241 284 2286 s
306 2221 499 2286 Athanasius
517 2220 616 2302 (circa
632 2241 681 2286 an.
694 2222 766 2286 296.
783 2221 901 2302 natus),
918 2220 1087 2302 episcopus
1098 2220 1338 2302 Alexandrinus,

126 2307 148 2370 in
167 2309 262 2390 epist.
279 2308 329 2372 39.
352 2306 454 2373 festiv.
476 2307 630 2373 hbrornm
653 2308 691 2372 N.
708 2307 742 2372 T.
765 2312 832 2372 tres
848 2307 967 2372 classes
982 2306 1142 2372 distinxit:
1166 2306 1339 2373 Canonizo-

124 2412 220 2472 nona,
244 2392 551 2474 anagignoscomena
575 2397 607 2458 et
627 2394 821 2474 apocrypha;
845 2393 1019 2474 prioribuS,
1041 2393 1147 2458 Lucae
1161 2394 1338 2473 protmium

122 2485 188 2560 apte
203 2480 343 2557 imitans,
360 2483 548 2544 annumerat
560 2497 668 2543 omnes
683 2483 810 2543 nostros
825 2478 924 2542 libros
940 2481 1085 2556 sacros31
1101 2477 1238 2559 scriptis,
1255 2497 1337 2559 quae

121 2564 146 2628 in
161 2564 297 2630 ecclesia
311 2564 399 2629 Alex.
414 2564 478 2646 legi
497 2569 643 2646 possent,
668 2567 830 2629 accenset:
853 2564 1080 2645 Apostolorum
1096 2565 1336 2630 constitutiones

121 2654 147 2713 et
168 2655 333 2731 pastorem
347 2650 511 2715 Hermaer
550 2651 586 2714 ln
602 2649 732 2731 synopsi
746 2668 770 2714 s.
787 2650 973 2731 scripturae,
996 2669 1079 2731 quae
1094 2650 1178 2714 inter
1198 2669 1296 2731 opera
1311 2669 1335 2714 s

120 2735 283 2800 Athanasii
297 2735 424 2817 legitur,
440 2736 536 2800 iidem
552 2735 627 2800 libri
642 2735 680 2800 N.
697 2735 731 2799 T.
748 2737 998 2802 enumerantur.³

181 2925 190 2955 ¹
207 2919 380 2989 Ἐπειδήπερ
394 2919 466 2980 τινὲς
477 2921 660 3004 ἐπεχείρησαν
670 2917 858 2980 ἀνατάξασθαι
870 2920 978 2979 ἑαυτοῖς
988 2917 1021 2972 τά
1030 2916 1166 2988 λεγόμενα
1176 2915 1333 2990 ἀπόκρυφα,

118 2994 155 3042 καὶ
171 2987 308 3060 ἔπιμύξαι
326 2992 411 3042 ταῦτα
428 2990 461 3056 τῆ
479 2997 663 3074 θεοπνευστφ
679 2991 785 3073 γραφή,
810 2992 874 3059 περὶ
890 2975 922 3053 ἧς
942 2986 1223 3059 ἔπληροφορήθημεν,
1243 2985 1336 3048 καθὼς

118 3059 277 3129 παρέδοσαν
296 3065 355 3116 τοῖς
373 3055 513 3127 πατράσιν
530 3060 558 3109 οἱ
575 3055 621 3109 ἀπ’
640 3061 726 3126 αρχῆς
742 3052 882 3109 αυτόπται
899 3059 944 3108 καλ
961 3054 1099 3126 ὑπηρέται
1116 3051 1265 3125 γενόμενοι
1286 3057 1336 3109 τοῦ

117 3127 207 3208 λόγου·
234 3125 312 3186 ἔδοξε
329 3124 415 3211 κάμοὶ
427 3128 621 3198 προτραπέντι
634 3124 709 3193 παρὰ
720 3131 844 3195 γνησίων
863 3121 1005 3193 ἀδελφοῖν,
1023 3127 1068 3175 καλ
1079 3119 1205 3192 μαθόντι
1215 3119 1333 3188 ἀνωθεν,

117 3196 170 3264 ἑξῆς
181 3197 320 3249 ἐκθέσθαι
333 3216 366 3248 τα
375 3193 575 3264 κανονιζόμενα
585 3197 631 3247 καὶ
640 3195 841 3263 παραδοθέντα
851 3212 880 3246 τε
890 3199 955 3246 θεῖα
964 3193 1034 3246 εἶναι
1043 3195 1144 3260 βιβλία·
1157 3193 1202 3244 ἵνα
1212 3192 1334 3259 ἕκαστος,

117 3265 200 3335 εἰμὲν
213 3259 354 3330 ήπατήθη,
368 3263 497 3332 καταγνῷ
509 3263 565 3316 τῶν
577 3260 794 3329 πλανησάντων·
812 3261 827 3314 ὁ
841 3262 872 3316 δέ
884 3257 1007 3331 καθαρὸς
1020 3260 1171 3335 διαμείνας,
1181 3264 1266 3332 χαίρη
1280 3258 1333 3314 πά-

117 3335 156 3386 λιν
168 3329 468 3404 ὑπομιμνησκόμενος.
492 3329 665 3384 Enumeratis
677 3329 752 3384 libris
765 3330 797 3382 V.
811 3329 842 3382 T.
855 3328 954 3397 pergit:
981 3325 1023 3384 Τά
1035 3329 1066 3382 δὲ
1080 3329 1129 3394 τῆς
1139 3329 1236 3393 καινῆς
1249 3325 1333 3382 πάλιν

117 3397 161 3453 ούκ
175 3399 312 3465 ὀκνητέον
324 3403 428 3454 εἰπεῖν’
442 3397 565 3487 ἔστιγὰρ
580 3400 679 3453 ταῦτα·
697 3399 852 3470 Εὐαγγέλια
866 3403 997 3471 τέσσαρα·
1010 3393 1078 3480 κατὰ
1090 3401 1251 3478 Ματθαῖρν,
1265 3394 1334 3450 κατά

116 3467 240 3540 Μάρκον,
253 3465 323 3522 κατὰ
334 3468 459 3531 Λουκάν,
478 3466 546 3520 κατὰ
561 3465 695 3536 Ιωάννην.
720 3467 791 3522 Εἶτα
801 3465 872 3536 μετὰ
886 3467 972 3520 ταῦτα
985 3467 1098 3537 πραξεις
1108 3463 1277 3518 ἀποστολων
1289 3470 1334 3518 καλ

115 3537 257 3591 ἐπιστολαὶ
277 3539 423 3590 καθολικαλ
443 3534 612 3609 καλούμεναι
634 3538 690 3590 τῶν
706 3532 874 3590 ἀποστόλων
895 3532 978 3588 ἑπτά·
1012 3530 1100 3592 οὕτως
1120 3533 1174 3604 μὲν
1195 3529 1333 3602 (Ἰακώβου

116 3604 211 3689 suppl.)
224 3601 248 3664 ά,
262 3608 374 3672 Πέτρου
388 3604 419 3657 δὲ
429 3602 463 3689 β’,
477 3604 535 3658 εἶτα
546 3603 676 3659 Ἰωάννου
686 3601 720 3674 γ’,
733 3608 778 3658 καὶ
789 3601 861 3674 μετά
874 3598 1073 3684 ταύταςΙἸούδα
1084 3597 1108 3653 ά.
1123 3597 1209 3684 μΠρὸς
1222 3598 1333 3662 τούτοις

115 3677 224 3727 Παυλου
235 3670 400 3728 ἀποστόλου
413 3676 484 3728 ετσὶν
501 3674 648 3728 ἐπιστολαὶ
665 3675 875 3740 δεκατέσσαρες,
897 3672 931 3743 τῇ
948 3672 1020 3729 ταξει
1036 3687 1214 3740 γρυφομεναι
1231 3666 1331 3729 ούτως·

115 3739 207 3808 πρώτη
220 3738 293 3812 πρὸς
302 3745 460 3812 Ρωμαίους’
474 3742 532 3794 εἶτα
546 3739 798 3812 πρὸςΚορινθίους
811 3737 871 3801 δύο,
884 3745 930 3792 καὶ
940 3735 1012 3812 μετά
1024 3740 1110 3790 ταῦτα
1122 3735 1194 3807 πρὸς
1203 3735 1331 3800 Γαλάτας,

114 3814 156 3863 καλ
167 3811 228 3876 ἑξῆς
240 3807 313 3896 πρὸς
322 3808 477 3879 Ἐφεσίους,
490 3808 548 3863 εἶτα
562 3807 634 3881 πρὸς
647 3813 859 3876 Φιλιππησίους
870 3811 916 3860 καλ
928 3803 1000 3879 πρὸς
1011 3809 1190 3872 Κολοσσαεῖς,
1207 3810 1251 3858 καλ
1262 3803 1334 3874 μετά

116 3875 210 3938 ταύτας
221 3897 295 3948 προς
309 3881 521 3938 Θεσσαλονικεῖς
533 3875 598 3938 δύο,
621 3875 694 3943 καλή
709 3874 781 3947 πρὸς
790 3874 945 3946 Ἑβραίους,
967 3877 1013 3927 καὶ
1031 3870 1117 3936 εὐθὺς
1130 3872 1202 3942 πρὸς
1208 3874 1267 3958 μὲν
1282 3881 1331 3927 Τι-

114 3943 219 4015 μόθεον
231 3943 291 4009 δύο,
310 3943 382 4017 πρὸς
394 3945 425 3998 δὲ
440 3951 528 4000 Τίτον
539 3951 598 4018 μία,
615 3948 661 3998 καὶ
673 3948 815 3998 τελευταία
827 3943 843 4010 ή
858 3942 930 4012 πρὸς
943 3940 1100 4015 Φιλήμονα,
1117 3948 1163 3995 καὶ
1176 3946 1262 3995 παλιν
1272 3940 1330 3995 Ἰω-

114 4011 197 4067 άννου
207 4011 392 4081 ἀποκάλυψις.
421 4015 514 4067 Ταῦτα
527 4017 613 4084 πηγαὶ
625 4015 678 4066 τού
690 4019 836 4084 σωτηρίου,
849 4009 920 4066 ὥστε
934 4009 984 4065 τὸν
997 4012 1127 4081 διφῶντα
1140 4011 1329 4083 ἐμφορεῖσθαι

115 4081 167 4136 τῶν
179 4082 208 4135 ἔν
221 4081 333 4142 τούτοις
345 4085 460 4150 λογίων·
485 4083 516 4136 έν
535 4079 646 4144 τούτοις
662 4079 763 4154 μόνοις
781 4079 812 4134 τὸ
831 4082 880 4147 τῆς
892 4078 1030 4148 εὐσεβείας
1042 4079 1238 4133 διδασκαλεῖον
1250 4077 1330 4146 εὐαγ-

115 4153 253 4216 γελίζετασ
272 4150 331 4219 μηδ
333 4155 371 4210 εὶς
383 4147 493 4210 τούτοις
505 4150 683 4218 ἔπιβαλλέτω,
693 4148 733 4220 μῆ
745 4149 776 4202 δέ
789 4145 897 4203 τούτων
908 4147 1084 4218 ἀφαιρείσθω
1098 4168 1133 4200 τι.

179 4219 190 4251 ²
210 4217 249 4272 Ot'·
260 4216 461 4288 κανονιζόμενα
472 4219 535 4291 μὲν,
548 4222 732 4290 τετυπωμένα
744 4218 775 4271 δὲ
788 4214 865 4288 παρὰ
880 4217 936 4273 τῶν
950 4221 1078 4286 πατέρων
1089 4211 1330 4285 ἀναγινώσκεσθαι

115 4290 172 4345 τοῖς
182 4282 243 4355 άρτι
255 4289 497 4360 προσερχομένοις
507 4291 553 4340 καὶ
564 4289 749 4358 βουλομένοις
764 4292 946 4354 κατηχεῖσθαι
960 4282 1010 4339 τὸν
1023 4285 1072 4351 τῆς
1084 4282 1220 4350 εύσεβεῖας
1232 4279 1328 4352 λόγον·

150 4351 247 4421 διδαχή
259 4358 417 4425 καλουμένη
430 4356 487 4408 ταῖν
498 4352 677 4416 ἀποστόλων,
689 4357 735 4408 καὶ
748 4352 762 4406 ὁ
778 4350 894 4424 ποιμήν.

180 4423 191 4454 ³
209 4420 318 4490 Synops.
338 4437 358 4476 s.
377 4421 467 4490 script.
485 4437 507 4474 c.
526 4421 550 4475 3.
568 4437 628 4491 opp.
645 4437 666 4474 s.
678 4420 820 4475 Athanasii
838 4425 900 4474 torn.
913 4420 947 4473 Π.
963 4434 1023 4489 pag.
1037 4418 1095 4471 129.
1122 4417 1163 4473 Τά
1176 4419 1223 4485 τῆς
1234 4420 1330 4498 καινῆς

117 4485 246 4565 διαθήκης
257 4490 342 4545 πάλιν
355 4489 497 4577 ὡρισμένα
508 4496 553 4544 καὶ
565 4495 784 4562 κεκανονισμένα
795 4494 885 4558 βιβλία
897 4490 983 4543 ταῦτα
1031 4486 1203 4540 Enumeratis
1219 4486 1328 4554 reliquls

118 4552 190 4610 libris
201 4557 308 4613 nostris:
322 4560 370 4614 ἐπὶ
383 4580 495 4621 τουτοις
504 4559 565 4615 ἐστὶ
573 4557 643 4625 καλή
653 4555 967 4626 ἀποκάλυψιςἸωάννου
977 4559 1027 4611 τού
1036 4552 1182 4627 θεολόγον,
1196 4557 1329 4624 δεχθεῖσα

119 4620 152 4683 ὦς
163 4624 266 4680 ἐκείνου
277 4631 322 4682 καλ
334 4628 494 4700 ἔγκριθεῖσα
507 4624 564 4680 ἀπὸ
578 4625 662 4681 πάλαι
674 4625 761 4697 ἀγίων
773 4631 819 4680 καλ
831 4623 1077 4698 πνευματοφόρων
1089 4628 1226 4696 πατέρων.
