3356 5176
922 333 963 398 33
1024 371 1074 378 ,ἡ

418 510 449 590 ό)
474 508 614 594 Οηνίίίιιο
627 505 939 613 .Ῐάἀοοοζηαιλαοαο
962 502 1070 582 (natus
1095 505 1179 570 eirca
1200 524 1248 569 an.
1272 507 1342 569 315.
1365 505 1487 587 †386.)
1505 507 1543 570 di-

333 594 467 676 stinguit
492 593 747 679 ὁμολογούμενα,
764 588 1033 680 αμφιβαλλόμενα
1057 594 1090 654 et
1115 587 1292 677 ἀπόκρυφοι
1316 609 1373 655 seu
1397 589 1543 680 ψευδεπί-

332 673 1546 844 eoem³maineriumabioioioofflissmpoiiiiooaiim

332 856 505 930 enumerat,
519 785 601 932 (γόου
617 852 650 913 et
664 869 722 914 nos
737 849 770 912 in
782 865 901 912 canone
912 812 1078 925 habemus:
1095 846 1167 911 hinc
1183 851 1216 911 et
1230 847 1546 912 δοιιλοτοοιιιιοοίοοο.1

332 934 454 999 Eodem
469 935 695 1015 ieretempore
1570 963 1572 970 ⁸

418 1020 447 1102 ο)
473 1021 644 1103 (λνοηονιαο
664 1019 743 1082 Νοι.
767 1015 802 1100 (†
817 1015 904 1097 391.)
924 1015 957 1079 in
980 1016 1118 1080 carmine
1133 1018 1173 1081 de
1189 1017 1273 1082 veris
1295 1021 1327 1082 et
1349 1017 1505 1099 germarus
1526 1035 1546 1080 a.

333 1105 511 1186 scripturae
532 1105 623 1169 libris
645 1140 688 1148 —
706 1104 794 1168 hisce
817 1103 1006 1166 adnumerat
1031 1106 1157 1166 nostras
1182 1103 1358 1183 scripturas
1382 1103 1547 1181 canonicas,

333 1190 440 1254 demta
456 1192 524 1255 sola
540 1190 748 1271 οτιουολγρεί.2

417 1275 453 1357 d)
477 1275 724 1360 Amphilochius,
742 1273 910 1354 episcopus
925 1271 1098 1337 Iconiensis
1114 1272 1212 1352 (circa
1228 1293 1276 1336 au.
1292 1272 1379 1354 370),
1395 1273 1427 1337 in
1439 1272 1548 1354 jambis

332 1360 398 1424 suis
414 1362 455 1424 ad
468 1361 635 1426 Seleucum
647 1359 716 1441 (qui
735 1360 831 1424 etiam
844 1357 999 1440 Gregorio
1011 1357 1088 1422 Naz.
1101 1358 1340 1440 adscribuntur)
1352 1358 1548 1440 apocalypsin

333 1464 461 1526 quoque
475 1446 588 1511 canoni
603 1446 769 1511 verissimo
792 1444 1022 1524 seripturarum
1043 1444 1194 1508 divinitus
1215 1444 1442 1525 inspiratarum
1458 1445 1549 1508 adrm-

333 1537 462 1596 τουτοϊ.3

404 1755 412 1784 ¹
430 1755 483 1804 Καὶ
498 1752 666 1824 ιμιλομαθῶς
678 1751 818 1820 ἔπίγνωθι
832 1748 908 1820 παρὰ
921 1749 968 1814 τῆς
980 1749 1135 1815 ἐκκλησίας,
1154 1755 1235 1803 ποῖαι
1275 1750 1305 1804 λν
1317 1753 1389 1804 εἰσὶν
1400 1753 1430 1802 αἱ
1444 1751 1490 1814 τῆς
1502 1767 1550 1800 ιτα-

333 1823 410 1879 λαίας
431 1817 565 1889 διαθήκης
584 1822 687 1888 βίβλοι,
710 1825 788 1872 ποῖαι
811 1818 840 1869 δὲ
862 1819 910 1882 τῆς
929 1818 1039 1881 καινῆς,
1060 1821 1105 1869 καὶ
1124 1838 1176 1902 μοι
1197 1839 1235 1888 μη
1257 1818 1287 1871 έν
1308 1817 1363 1871 τῶν
1383 1814 1550 1888 ἀποκρύηων

333 1887 521 1958 ἀναγίνωσκε·
544 1886 624 1958 ὁγὰρ
638 1886 671 1941 τὰ
684 1883 759 1958 παρὰ
771 1888 861 1939 πᾶσιν
874 1880 1088 1972 ὁμολογούμενα
1099 1906 1139 1954 μη
1151 1884 1241 1950 είδώς,
1256 1889 1281 1936 τὶ
1294 1887 1359 1956 περὶ
1373 1883 1405 1940 τά
1416 1884 1550 2004 ἀμφῐηλαλ.

334 1954 436 2025 λόμενα
457 1959 642 2025 ταλαιπωρεῒς
659 1954 758 2025 μάτην.
791 1952 977 2024 Ἀναγίνωσκε
995 1974 1043 2013 τας
1060 1961 1140 2016 θείας
1155 1952 1271 2024 γραηιάς.
1297 1951 1457 2019 (Recensitio
1499 1950 1550 2004 .T.

243 2029 245 2032 ’
333 2022 422 2091 libris)
438 2025 493 2091 Τῆς
506 2025 537 2078 δὲ
548 2025 644 2090 καινῆς
656 2021 794 2091 διαθήκης
806 2025 839 2075 τὰ
851 2026 972 2092 τέσσαρα
984 2020 1140 2092 εὐαγγέλια·
1155 2022 1188 2075 τὰ
1201 2023 1231 2076 δὲ
1243 2021 1329 2076 λοιπὰ
1339 2023 1551 2103 ψευδεπίγραρα
1646 2039 1647 2044 ’

333 2097 379 2146 καὶ
391 2090 507 2160 βλαβερὰ
520 2093 656 2163 τυγχάνει.
705 2096 799 2178 Δέγγου
812 2091 842 2143 δὲ
855 2095 900 2143 καὶ
913 2090 959 2149 τὰς
972 2090 1084 2160 πράξεις
1097 2092 1152 2145 τῶν
1165 2088 1272 2145 δώδεκα
1284 2087 1467 2144 ἀποστόλων·
1486 2107 1552 2156 προς

334 2157 445 2220 τούτοις
465 2162 495 2214 δὲ
518 2167 562 2214 καὶ
585 2159 632 2221 τάς
652 2158 724 2213 ἑπτὰ
748 2156 867 2224 Ἰακώβου
887 2162 933 2212 καὶ
949 2163 1068 2227 Πέτρου,
1089 2158 1218 2213 Ἰωάννου
1238 2163 1282 2212 καὶ
1298 2157 1390 2212 Ἰούδα
1410 2154 1552 2215 καθολικάς

334 2225 495 2288 ἔπιστολόιςΙ
514 2226 730 2300 ἔπισιγράγισμα
743 2228 774 2282 δὲ
790 2229 845 2280 τῶν
857 2223 972 2281 πάντων
983 2232 1029 2280 καὶ
1040 2229 1178 2297 μαθητῶν
1191 2225 1222 2281 τὸ
1238 2231 1405 2289 τελευταῖον,
1421 2224 1468 2286 τὰς
1480 2223 1549 2280 Πού-

334 2300 385 2349 λου
402 2298 601 2369 δεκατέσσαρες
612 2294 772 2355 ἐπιστολὰς
794 2293 825 2347 τὰ
838 2294 868 2347 δὲ
887 2293 974 2348 λοιπὰ
992 2294 1083 2348 πάντα
1100 2296 1149 2356 ἔξω
1167 2303 1272 2350 κείσθω
1291 2297 1321 2349 ἐν
1341 2296 1469 2364 δευτέρῳ.
1502 2297 1552 2348 Καὶ

334 2361 387 2417 ὅσα
398 2365 494 2449 μὲηέν
507 2366 659 2434 ἐκκλησίαις
669 2361 709 2438 μὴ
725 2359 955 2445 ἀναγινώσκεται,
977 2365 1063 2417 ταῦτα
1079 2365 1151 2437 μηδὲ
1169 2359 1238 2418 κατὰ
1256 2362 1360 2418 σαυτὸν
1376 2362 1551 2433 ἀναγίνωσκε,
1648 2367 1649 2370 ’

335 2439 429 2492 καθώς
440 2451 568 2500 ηκουσας,
580 2437 626 2486 καὶ
638 2438 704 2504 περὶ
714 2434 768 2504 μὲν
781 2450 889 2484 τουτων
902 2451 994 2484 ταυτα.

403 2534 415 2566 ²
543 2541 694 2595 Ματθαῖος
705 2535 759 2621 μὲν
771 2532 895 2602 ἔγραψεν
904 2531 1041 2601 Ἑβραίοις
1053 2533 1201 2604 θαυμαστὰ
1213 2537 1343 2603 Χριστοῦ
1350 2577 1355 2588 .

540 2600 658 2674 Μάρκος
670 2601 694 2656 δ’
714 2606 816 2673 Ιταλίη,
829 2602 943 2660 Λουκᾶς
953 2601 1072 2670 Ἀχαΐδι.

539 2673 615 2725 Πάσι
628 2671 652 2724 δ’
664 2669 798 2736 Ἰωάννης,
810 2671 896 2738 κῆρυξ
905 2673 999 2740 μέγας,
1013 2668 1226 2741 ούρανοηιοίτης.

530 2737 648 2794 Ἔπειτα
661 2739 773 2806 πράξεις
787 2737 842 2791 τῶν
856 2737 955 2806 σοφῶν
967 2735 1143 2792 ἀποστόλων.

536 2812 611 2863 Δίκα
626 2809 656 2861 δὲ
668 2805 783 2861 Παύλου
796 2810 928 2876 τέσσαρες
941 2805 963 2858 τ’
977 2807 1132 2861 έπιστολαί.

534 2876 624 2931 Ἑπτὰ
637 2878 667 2929 δὲ
679 2879 833 2937 καθολικαὶ,
847 2864 887 2930 ῶν
900 2871 1028 2944 Ἰακώβου
1039 2880 1099 2946 μία,

537 2944 597 3000 Δύο
612 2945 641 2998 δὲ
654 2949 772 3013 Πέτρου,
787 2950 861 3014 τρεῖς
873 2941 897 2994 δ’
910 2939 1040 2999 Ἰωάννου
1053 2942 1149 2998 πάλιν·

535 3011 627 3068 Ἰούδα
640 3012 664 3064 δ’
678 3015 756 3067 ἐστὶν
769 3009 881 3081 ἑβδόμη.
905 3009 1002 3073 Πάσας
1014 3014 1092 3082 ἔχεις.

538 3089 577 3136 Εἴ
587 3103 613 3135 τι
626 3082 655 3134 δὲ
670 3080 779 3134 τούτων
792 3077 878 3144 ἐκτὸς,
892 3078 942 3132 οὐκ
954 3081 984 3132 έν
996 3086 1129 3149 γνησίαις.

402 3183 412 3213 ³
534 3184 640 3247 Καινῆς
654 3179 786 3250 διαδηκης
797 3179 854 3252 ώρα
865 3202 917 3250 μοι
927 3184 1038 3248 βίβλους
1050 3185 1147 3253 λέγειν,

538 3248 746 3320 Εὐαγγελιστάς
759 3252 896 3316 τέσσαρας
909 3250 994 3338 δέγου
1005 3248 1122 3321 μόνους,

537 3324 700 3384 Ματθαῖον,
713 3317 771 3370 εἶτα
785 3314 914 3387 Μάρκον,
927 3340 948 3388 ῳ
962 3319 1078 3373 Λουκάν
1091 3322 1187 3388 τρίτον

539 3390 690 3453 Προσθεὶς,
703 3385 818 3455 ἀρίθμει
832 3384 883 3438 τόν
894 3385 1032 3452 Ἰωάννην,
1041 3386 1137 3456 χρόνῳ
1226 3417 1228 3422 ·

541 3458 691 3526 Τέταρτον,
705 3451 773 3506 ἀλλὰ
785 3453 899 3521 πρῶτον
913 3453 979 3526 ὕψει
991 3453 1150 3525 δογμάτων.

539 3593 633 3658 Λέχου
645 3591 677 3644 δέ
688 3593 783 3660 βίβλον
796 3591 895 3644 Λουκά
906 3595 952 3644 καὶ
965 3588 1017 3656 τὴν
1030 3593 1171 3661 δευτέραν,

540 3658 599 3724 Τὴν
612 3660 670 3712 τῶν
681 3658 838 3712 καθολικῶν
850 3656 978 3729 πράξεων
989 3657 1167 3713 ἀποστόλων.

541 3725 580 3779 Τὸ
594 3727 692 3787 σκεῦος
703 3727 763 3793 ἑξῆς
776 3735 929 3793 προστίθει
942 3729 991 3794 τῆς
1002 3729 1123 3797 ἐκλογῆς,

541 3794 599 3849 Τὸν
613 3798 668 3849 τῶν
681 3796 773 3852 ἐθνῶν
784 3790 895 3864 κήρυκα,
910 3795 959 3849 τὸν
971 3792 1134 3852 ἀπόστολον

538 3865 661 3927 Παῦλον,
674 3863 771 3935 σοφῶς
782 3863 930 3934 γράψαντα
943 3871 1002 3923 ταῖς
1015 3865 1169 3930 ἐκκλησίαις

538 3929 715 3992 Ἐπιστολαῖς
726 3933 770 3992 δὶς
782 3931 865 3986 ἑπτά
891 3938 1028 4006 Ρωμαίων
1040 3937 1108 4003 μίαν

539 4107 716 4119 .....
752 4073 797 4121 καὶ
809 4067 882 4138 πρὸς
891 4068 1033 4136 Ἐβραίους
1045 4072 1122 4140 μίαν.

540 4135 621 4194 Τινὲς
633 4137 668 4188 δέ
678 4152 749 4205 φασι
762 4135 812 4203 τὴν
825 4135 897 4209 πρὸς
907 4134 1051 4206 Ἐβραίους
1062 4134 1161 4200 νόθον,

542 4202 599 4257 Οὐκ
611 4199 642 4256 εὖ
655 4207 795 4273 λέγοντες·
814 4211 915 4275 γνησία
926 4204 978 4276 γὰρ
991 4202 1007 4270 ἡ
1016 4201 1106 4277 χάρις.

541 4271 617 4333 Εἶεν,
630 4275 657 4324 τὶ
669 4269 786 4335 λοιπὸν,·
799 4276 966 4328 Καθολικῶν
977 4273 1136 4327 ἐπιστολῶν

543 4341 624 4400 Τινὲς
635 4340 690 4410 μὲν
702 4338 774 4392 ἑπτά
786 4360 883 4412 φασιν,
897 4346 925 4394 ol
937 4343 967 4396 δὲ
981 4347 1054 4410 τρεῖς
1065 4339 1155 4411 μόνας

540 4410 650 4478 Χρῆναι
663 4409 807 4478 δέχεσθαι·
829 4409 880 4477 τὴν
891 4408 1018 4478 Ἰακώβου
1029 4415 1105 4481 μίαν,

539 4482 621 4532 Μίαν
633 4477 663 4530 δὲ
675 4481 794 4545 Πέτρου,
809 4476 859 4544 τὴν
872 4478 893 4532 τ’
905 4477 1035 4532 Ἰωάννου
1046 4483 1125 4549 μίαν·

543 4546 624 4606 Τινὲς
636 4547 668 4598 δὲ
681 4542 728 4605 τάς
741 4553 822 4616 τρεῖς,
835 4551 879 4600 καὶ
892 4544 964 4616 πρός
976 4547 1070 4606 αὐταῖς
1082 4545 1129 4606 τάς
1141 4545 1194 4601 δύο

540 4617 652 4684 Πέτρου
664 4615 801 4682 δέχονται,
815 4612 865 4682 τὴν
878 4614 899 4667 τ’
910 4613 1002 4669 Ἰούδα
1015 4613 1144 4688 ἑβδόμην.
