3356 5176
914 259 956 322 46
1000 296 1066 301 -,
1649 313 1650 361 ἢ

326 508 337 571 l
410 426 439 488 3.
464 425 671 574 Mancinianae
687 429 798 494 eodem
811 447 880 493 cum
892 429 1087 493 Manichaeis
1098 425 1217 491 motivo
1229 426 1316 490 ducti
1329 427 1541 506 actartposto-
1646 374 1651 483 ά

339 516 461 590 orum,1
478 516 547 576 ctu

410 596 440 659 4.
463 596 564 683 Αίοητ·
571 598 690 678 scripta
702 617 725 662 s.
735 598 869 663 loannis
884 599 1088 680 rejecerunt,²
1103 597 1228 677 reliqua
1239 595 1449 676 probabiliter
1460 614 1543 659 rece

327 686 451 760 perunt.
998 707 1000 712 ·

410 767 439 830 5.
462 765 570 830 Sacrae
578 769 736 850 pnostchoc
750 769 924 834 utebantur
936 769 1065 849 quidem
1077 785 1205 845 canone,
1218 765 1345 846 qualem
1353 765 1544 844 invenerant,

326 856 362 914 ut
377 851 605 930 Valentiniani,
629 854 671 916 ad
686 872 767 933 quos
782 855 943 934 pertinent
958 854 1176 931 Ptolomaeus,
1200 853 1344 930 Marone,
1360 851 1544 929 Heracleon,

326 936 430 1001 Julius
447 937 634 1017 Cassianae,
657 939 858 1004 Bardesanes
876 945 908 1004 et
929 939 1000 1019 alii,
1025 945 1057 1003 et
1071 940 1131 1004 hoc
1151 943 1300 1017 respectu
1319 937 1361 1000 ad
1383 937 1545 1001 ecclesiam

326 1023 406 1086 cath.
422 1023 554 1104 propius
570 1024 781 1103 accedebant;
796 1044 907 1089 verum
921 1030 1029 1089 tamen
1044 1025 1087 1088 ad
1097 1023 1275 1104 peculiares
1286 1023 1460 1086 sententias
1473 1040 1545 1084 suas

324 1109 459 1172 tuendas
474 1108 572 1173 libros
588 1110 780 1189 apostolicos
796 1111 914 1191 partim
929 1111 971 1174 ad
987 1111 1109 1174 somnia
1128 1108 1305 1189 sapientiae
1328 1126 1405 1172 suae
1424 1107 1546 1172 altioris

325 1195 586 1274 contorquebant,
601 1196 720 1276 partim
734 1215 792 1276 per
807 1196 971 1277 evangelia
982 1197 1074 1277 juxta
1088 1200 1229 1275 systema
1244 1212 1336 1258 suum
1352 1191 1487 1258 conficta
1498 1191 1545 1272 (ut

323 1276 508 1428 ἓάηηηέλιου
522 1283 578 1366 τῆς
593 1277 765 1368 ἀληθείας,
787 1278 894 1366 εὐαγγ.
910 1285 967 1367 τῆς
981 1282 1177 1358 τελειώσεως
1193 1280 1267 1360 etc.)
1283 1278 1461 1359 superfluos
1476 1279 1546 1343 red-

347 1369 474 1429 eant⁵

409 1452 437 1514 6.
468 1450 619 1528 Marcion,
635 1451 853 1531 antinomista,
870 1452 961 1533 cujus
975 1449 1073 1515 solius
1089 1469 1189 1514 canon
1204 1449 1384 1514 accuratius
1399 1449 1544 1528 innotuit,

323 1535 457 1599 ulterius
471 1554 677 1616 progressae,
694 1540 727 1600 et
742 1537 940 1619 evangelium
956 1536 1037 1600 cath.
1053 1536 1093 1600 ab
1110 1535 1338 1599 additamentis
1354 1539 1386 1598 et
1400 1535 1546 1614 partibus

323 1621 441 1701 spuriis
457 1640 634 1702 expurgare
653 1623 878 1701 praetendens
906 1642 923 1687 e
939 1628 1077 1702 quatuor
1092 1620 1250 1685 canonicis
1273 1619 1445 1700 evangeliis
1468 1619 1544 1683 illud

324 1708 429 1770 Lucae
448 1707 631 1787 adoptavit,
655 1707 686 1770 in
701 1708 810 1772 multis
825 1713 931 1771 tamen
948 1707 1103 1788 corrupit3
1125 1705 1332 1787 epistolarum
1347 1705 1545 1785 paulinamm

323 1793 432 1856 decem
449 1791 578 1871 (demtis
592 1791 647 1856 illa
662 1793 704 1856 ad
719 1794 884 1858 Hebraeos
900 1798 933 1857 et
947 1792 1177 1874 pastoralibus)
1193 1791 1315 1870 recepit
1330 1790 1443 1854 eodem
1455 1791 1545 1854 modo

323 1876 538 1958 interpolatis;
560 1878 665 1942 omnia
680 1878 803 1960 reliqua
819 1880 939 1959 scripta
953 1878 1165 1959 repudiavit.4
1201 1876 1313 1957 Neque
1329 1876 1477 1954 deerant,
1494 1876 1545 1957 qui

322 1981 471 2027 vesanam
491 1963 572 2029 hanc
587 1964 759 2028 Marcionis
786 1964 882 2028 crisin
907 1964 1117 2028 imitarentur.
1165 1962 1218 2024 Ad
1243 1961 1490 2026 illustrationem
1516 1965 1546 2024 et

323 2048 613 2129 comprobationem
628 2049 826 2129 placitorum,
843 2068 926 2130 quae
940 2049 1082 2114 Docetae
1098 2053 1130 2113 et
1140 2047 1374 2112 Antinomistae
1388 2045 1545 2125 favebant,

323 2132 457 2198 conficta
471 2140 546 2198 sunt
560 2139 633 2198 acta
649 2139 681 2198 et
696 2135 914 2199 revelationes.

409 2219 436 2282 7.
459 2219 623 2283 Haeretici
637 2220 745 2298 quarti
760 2225 792 2283 et
808 2219 1008 2300 sequentium
1024 2218 1232 2295 saeculorum,
1248 2222 1285 2280 ut
1295 2217 1423 2296 Ariana,
1441 2217 1546 2280 Nesto-

321 2303 423 2383 rc'onc',
440 2304 676 2388 Monopbprc'toe
691 2311 765 2383 etc,
782 2323 801 2368 a
816 2323 948 2383 canone,
965 2323 1060 2385 quem
1074 2305 1107 2367 in
1122 2303 1255 2368 ecclesia
1269 2303 1471 2381 invenerant,
1487 2321 1545 2366 non

324 2389 553 2467 discesserrmt3
568 2389 631 2453 imo
642 2389 775 2454 ecclesia
789 2409 905 2470 graeca
918 2389 951 2453 in
966 2391 1085 2470 synodo
1100 2387 1380 2468 hierosolymitana
1391 2407 1442 2452 an.
1458 2388 1544 2451 1672.

324 2493 475 2538 canonem
489 2475 726 2554 Laodicensem,
743 2476 854 2540 addita
868 2475 1060 2556 apocalypsi,
1076 2473 1206 2555 repetiit
1222 2480 1254 2538 et
1269 2472 1477 2538 confirmavit.

409 2560 438 2623 8.
467 2560 687 2634 Protectootes,
714 2561 899 2642 religionem
922 2562 1141 2637 christianam,
1167 2564 1205 2623 ut
1226 2559 1388 2638 dicebant,
1412 2559 1546 2639 puritati

322 2645 420 2708 trium
435 2645 577 2725 priorum
593 2645 792 2710 sacculorum
813 2647 1010 2724 restitutori,
1032 2646 1136 2710 denuo
1158 2644 1350 2709 addubitare
1373 2649 1546 2725 coeperunt

323 2731 369 2794 sic
384 2730 470 2794 dicta
486 2727 723 2816 ἀντιλεγόμενα,
747 2737 779 2796 et
793 2733 923 2796 decreto
939 2731 1062 2796 concilii
1078 2730 1163 2794 Trid.
1180 2731 1220 2794 de
1236 2730 1394 2794 canonicis
1410 2731 1547 2811 scriptu·

393 2970 401 2999 ¹
415 2965 440 3018 S.
449 2967 518 3033 Aug.
532 2980 573 3032 ep.
586 2965 645 3018 237.
659 2983 684 3019 n.
697 2967 734 3019 2:
747 2965 817 3019 Nam
830 2966 936 3034 quidem
945 2965 1097 3019 Manichaei
1109 2964 1265 3018 canonicum
1278 2964 1383 3029 librum,
1397 2963 1476 3032 cujus
1487 2965 1546 3017 titu-

322 3034 364 3086 lus
378 3040 429 3087 est:
442 3035 528 3153 Aletes
541 3034 739 3101 Apostolorum,
752 3035 901 3102 repudiant.
953 3034 1029 3101 Quod
1041 3040 1068 3088 et
1080 3032 1120 3086 illi
1131 3033 1260 3087 haeretici
1271 3032 1382 3096 faciunt,
1395 3033 1442 3100 qui
1454 3048 1546 3087 vocan-

322 3109 333 3154 t
400 3108 445 3154 ata
549 3118 569 3154 s.
704 3119 707 3124 ·

334 3103 401 3205 urc²
418 3119 531 3237 1331ng
530 3117 633 3223 leraeres.
646 3170 688 3223 51.
705 3187 731 3223 11.
743 3171 768 3224 3.
782 3169 910 3243 (Ἄλογοι)
973 3168 1037 3225 οὕτε
1055 3169 1086 3225 τὸ
1104 3172 1156 3226 τοῦ
1172 3168 1301 3226 Ἰωάννου
1321 3170 1483 3256 εὐαγγέλιον
1502 3171 1545 3223 de'-

322 3260 432 3299 rovrac,
454 3238 517 3292 οὔτε
537 3236 586 3305 τὴν
604 3237 691 3292 αὐτοῦ
706 3238 898 3308 ἀποκάλυψιν
973 3243 1086 3310 λέγουσι
1101 3237 1167 3310 γάρ,
1188 3237 1229 3312 μὴ
1242 3241 1312 3294 εἶναι
1324 3238 1393 3292 αὐτο
1403 3239 1545 3302 Ἰωάννου,

232 3347 233 3350 =
321 3309 387 3362 aare
399 3313 557 3376 Κηρίυθου·
575 3311 620 3359 καὶ
633 3305 683 3360 οὐκ
696 3304 756 3367 άξια
769 3306 839 3361 αὐτά
851 3325 939 3378 φασιν
953 3307 1023 3362 εἶναι
1036 3309 1067 3362 ἓν
1079 3309 1217 3376 ἐκκλησίᾳ,

390 3379 401 3410 ³
418 3375 488 3427 Iren.
502 3373 560 3426 adv.
574 3373 676 3426 haeres.
691 3375 738 3426 ΠΙ.
753 3375 793 3426 11.
806 3391 831 3427 n.
845 3376 881 3429 9.:
905 3375 941 3427 Hi
953 3391 1023 3440 vero,
1036 3375 1080 3443 qui
1093 3391 1109 3428 a
1121 3373 1263 3427 Valentino
1276 3379 1346 3437 sunt,
1359 3405 1392 3412 —
1405 3389 1470 3427 suas
1484 3389 1543 3426 eon·

322 3443 478 3510 scriptiones
490 3441 656 3508 proferentes
669 3443 747 3509 plura
758 3443 857 3496 habere
869 3443 1025 3510 gloriantur,
1038 3459 1117 3512 quarn
1129 3444 1138 3494 i
1159 3458 1189 3496 sa
1201 3443 1255 3496 sint
1267 3441 1412 3510 evangelia.
1448 3442 1476 3496 Si
1489 3441 1544 3509 qui·

322 3512 382 3565 dem
401 3511 428 3563 in
445 3516 549 3562 tantum
565 3517 755 3577 processerunt
772 3511 914 3578 audaciae,
936 3519 977 3576 ut,
998 3512 1068 3580 quod
1080 3459 1212 3580 apuXhas
1224 3527 1277 3564 non
1289 3511 1352 3563 olim
1365 3512 1544 3578 conscriptum

322 3587 377 3642 est,
398 3579 517 3632 veritatis
535 3577 702 3645 evangelium
718 3579 839 3646 titulent,
860 3580 889 3632 in
905 3581 989 3632 nihilo
1007 3580 1165 3633 conveniens
1181 3579 1371 3646 Apostolorum
1392 3577 1543 3647 evangehis.

323 3647 377 3700 Cl'r.
390 3646 503 3699 Tertull.
516 3646 549 3700 de
561 3648 718 3715 praescript.
730 3649 804 3701 haer.
818 3664 840 3701 c.
853 3648 895 3701 49.
920 3648 1018 3716 Epiph.
1032 3648 1105 3702 haer.
1118 3647 1216 3701 XXVI.
1230 3665 1255 3700 n.
1268 3649 1292 3700 2.

390 3719 401 3749 ⁴
417 3715 515 3800 Epiph.
528 3716 602 3768 haer.
615 3715 656 3768 62.
674 3721 714 3772 At
726 3719 757 3771 δὲ
769 3719 918 3772 ἐπιστολαὶ
929 3723 957 3771 αἱ
973 3718 1035 3788 παρ’
1050 3717 1126 3787 αὐτῷ
1139 3715 1289 3788 ίεγόμενυί
1298 3720 1365 3771 slot·
1386 3713 1482 3783 πρώτη
1493 3715 1544 3788 μὲν

324 3782 395 3857 πρὸς
406 3789 538 3848 Γαλάτας,
553 3786 680 3852 δευτέρα,
698 3783 813 3858 τετάρτη
825 3783 898 3857 πρὸς
908 3793 1094 3855 Κορινθίους,
1113 3791 1191 3854 τρίτη
1205 3783 1277 3857 πρὸς
1288 3784 1469 3858 Κοριυθάους
1481 3785 1542 3836 dru-

324 3873 397 3924 τερα,
420 3851 534 3925 τετάρτη
554 3851 624 3921 πρὸς
634 3853 792 3925 Ῥωμαίους,
815 3859 932 3925 πέμπτη
944 3853 1017 3924 πρὸς
1032 3858 1251 3915 Θεσσαίουτκεῑς,
1274 3853 1338 3919 ἕκτη
1351 3851 1423 3923 πρὸς
1437 3859 1543 3910 Θεσσα-

323 3926 441 3981 λουεκεῖς
454 3921 577 3991 δευτέρα,
596 3920 700 3990 ἑβδομὴ
714 3921 785 3996 πρὸς
797 3922 951 3991 Ἐφεσίους,
974 3919 1060 3992 &ydola
1074 3919 1147 3991 πρὸς
1157 3926 1337 3984 Κολοσσαεῖς,
1360 3921 1461 3990 ἒννάτη
1474 3918 1543 4040 πηὸς

326 3988 481 4060 Φιλήμονα,
503 3986 602 4057 δεκάτη
620 3987 691 4060 πρὸς
710 3994 931 4058 φιλιππησίους.
962 3990 1031 4042 Iren.
1045 3987 1103 4041 adv.
1116 3988 1189 4041 haer.
1202 3988 1223 4041 I.
1236 3989 1292 4041 2l.:
1316 3987 1457 4055 (Marcion)
1473 4003 1502 4041 so
1513 4000 1542 4038 us

323 4071 404 4110 ausus
417 4062 459 4109 est
470 4054 611 4109 manifeste
624 4057 813 4111 circumcidere
826 4057 981 4124 scripturas.
1000 4057 1047 4109 ΠΙ.
1059 4057 1099 4109 12.
1112 4056 1144 4110 de
1157 4055 1345 4109 antinomistis:
1358 4055 1541 4124 EtApostolos

323 4125 428 4192 quidem
441 4124 536 4191 adhuc,
549 4139 617 4193 quae
630 4132 692 4179 sunt
698 4125 870 4191 ludaeorum,
884 4126 1028 4178 sentientes
1041 4125 1212 4178 anmmtiasse
1226 4123 1404 4192 evangehum3
1418 4141 1445 4178 se
1455 4131 1542 4178 autem

324 4195 479 4247 sinceriores
493 4199 520 4246 et
531 4194 715 4260 prudentiores
727 4192 862 4262 Apostohs
875 4209 943 4247 esse.
977 4192 1054 4247 Unde
1067 4200 1093 4246 et
1104 4193 1224 4246 Marcion
1238 4199 1264 4246 et
1276 4193 1321 4260 qui
1333 4193 1366 4245 ab
1379 4210 1409 4246 eo
1422 4199 1492 4258 sunt,
1509 4188 1542 4243 ad

323 4261 519 4316 intercidendae
541 4263 661 4315 conversi
685 4268 748 4316 sunt
771 4263 933 4330 scripturas,
957 4261 1085 4329 quasdam
1108 4261 1214 4328 quidem
1236 4262 1369 4314 intutum
1390 4278 1443 4314 non
1463 4275 1541 4328 agno-

324 4338 435 4396 scentes,
449 4331 596 4383 secundum
607 4330 709 4383 Lucam
723 4336 812 4383 autem
825 4329 991 4398 evangelium
1004 4336 1030 4382 et
1043 4329 1169 4398 epistolas
1181 4329 1260 4382 Pauli
1272 4328 1456 4393 decurtantes,
1478 4331 1541 4380 haec

324 4399 381 4452 sola
392 4399 511 4468 legitima
522 4414 581 4452 esse
595 4397 701 4463 dicunt,
724 4413 791 4466 quae
803 4398 854 4466 ipsi
866 4400 1070 4451 minoraverunt.
1103 4397 1214 4451 Tertull.
1229 4399 1262 4451 de
1273 4399 1429 4466 praescript.
1442 4397 1540 4449 haeret.

324 4483 346 4520 c.
359 4468 414 4520 38.:
436 4467 556 4520 Marcion
568 4475 659 4520 exerte
671 4473 698 4520 et
709 4466 798 4534 palam
815 4467 965 4530 machaera,
987 4482 1038 4519 non
1051 4467 1119 4535 stylo
1132 4483 1196 4520 usus
1209 4473 1258 4532 est,
1279 4467 1402 4534 quoniam
1414 4465 1448 4520 ad
1460 4469 1541 4516 mate-

324 4535 391 4587 riam
404 4550 479 4588 suam
492 4537 600 4588 eaedem
613 4536 805 4604 scripturarum
818 4534 940 4588 confecit.
