3428 5180
879 314 942 379 ava
986 351 1008 392 ·.

168 568 171 574 ,
298 494 433 558 Romam
456 488 563 554 redire
584 493 734 568 poterant
757 484 956 566 salutarique
978 493 1015 548 ut
1034 483 1154 550 ibidem
1175 493 1365 567 praesentes
1384 484 1426 549 ab
1441 489 1525 568 Apo

298 578 392 655 stolo,
407 579 522 655 utpote
537 573 603 652 cui,
617 571 690 636 illos
704 571 765 636 hoc
779 571 843 635 iter
857 589 929 636 esse
944 577 1169 652 suscepturos,
1184 572 1304 652 Ephesi
1319 573 1450 654 degenti
1461 573 1525 654 jam

299 666 371 729 crat
384 667 504 725 uotum.

387 746 457 827 Obj.
473 745 501 808 2.
525 743 576 806 Ad
597 743 759 806 Romanos
774 741 894 805 Paulus
916 741 995 806 dicit
1018 742 1053 820 1,
1069 742 1113 805 8.;
1134 741 1303 823 ,furnum
1325 745 1451 829 prauis
1471 767 1527 830 apo

301 833 371 897 Deo
393 853 458 894 mco
476 852 536 915 per
550 830 659 892 Jesuue
682 825 840 890 Obrutam
856 848 918 910 pro
940 826 1026 889 uobis
1045 828 1201 909 erunibus,
1228 828 1314 913 quod
1320 829 1408 913 fides
1430 841 1528 892 cestra

301 919 513 982 annunciatur
527 917 562 976 in
577 914 718 976 uniuerso
733 911 871 975 mund0“
878 937 889 993 ,·
912 910 985 976 dein
1002 911 1052 992 16,
1069 911 1134 977 19.:
1155 962 1175 996 „
1184 914 1292 977 Vestra
1306 915 1483 979 obedientia
1497 914 1529 976 in

300 1025 420 1067 omnem
431 1002 531 1064 locum
544 998 707 1083 dr'uulpata
714 997 790 1061 63ιέί
811 997 1133 1063 Exhiseelooisrecte
1142 998 1311 1080 colligitur,
1324 1001 1446 1066 Romae
1452 1005 1529 1064 tem-

300 1087 479 1171 porehujus
487 1084 643 1168 epistolae
651 1082 973 1148 exarataeecelesiam
981 1081 1531 1167 christianamfloruisse;atquiaute

302 1175 441 1256 primum
456 1171 548 1235 Pauli
564 1171 737 1235 adventum
752 1170 873 1234 Romae
887 1187 969 1232 auno
985 1169 1035 1231 61.
1052 1168 1225 1234 Christiani
1239 1171 1271 1234 in
1286 1171 1347 1235 hac
1368 1172 1450 1237 urbe
1471 1189 1530 1234 non

305 1270 412 1339 erant3
427 1276 502 1322 nam
517 1257 551 1336 a)
567 1256 599 1319 in
614 1255 740 1320 actibus
751 1255 833 1335 App.
848 1253 926 1317 nihil
940 1253 1077 1334 legimus
1089 1255 1130 1319 de
1140 1254 1265 1320 laetitia
1277 1255 1531 1320 Christianorum

303 1347 521 1410 Romanorum
536 1340 577 1404 oh
593 1339 687 1404 Pauli
701 1340 889 1418 adventum3
910 1339 942 1421 b)
958 1339 977 1403 J
982 1339 1156 1404 udaeorum
1169 1360 1321 1421 proceres
1339 1343 1382 1406 ad
1397 1340 1532 1405 Paulum

304 1430 411 1495 vocati
425 1428 466 1492 de
482 1425 672 1490 Christianis
686 1425 862 1505 loquuntur
876 1429 913 1488 ut
927 1424 969 1489 de
984 1433 1086 1504 secta,
1111 1426 1151 1490 de
1166 1445 1231 1507 qua
1251 1426 1354 1490 solum
1375 1425 1478 1506 fama,
1502 1435 1533 1490 et

306 1515 435 1597 quidem
451 1530 565 1593 parum
579 1508 753 1575 honorifica
768 1510 965 1574 audivissent
988 1509 1057 1574 coll.
1079 1511 1150 1576 Act.
1174 1512 1230 1591 28,
1253 1512 1318 1590 224
1345 1530 1447 1592 quare
1469 1515 1532 1576 sta-

305 1599 461 1666 tuendum
478 1600 536 1675 est,
553 1594 720 1676 epistolam
735 1596 817 1660 hanc
832 1595 960 1659 demum
976 1595 1129 1676 scriptam
1145 1615 1216 1662 esse
1227 1602 1301 1678 post
1312 1598 1450 1677 primam
1463 1615 1532 1678 cap·

307 1685 467 1750 tivitatem
487 1683 678 1760 Romanam,
704 1681 802 1761 idque
823 1699 860 1745 eo
882 1680 1002 1761 magis,
1029 1681 1116 1761 quod
1136 1683 1167 1763 a)
1185 1683 1291 1746 Lucas
1304 1685 1376 1748 Act.
1392 1683 1443 1745 28.
1459 1681 1532 1746 nihil

308 1769 409 1836 refert
424 1770 464 1834 de
479 1766 646 1846 fructibus
663 1784 743 1848 quos
760 1765 896 1846 epistola
911 1766 991 1830 haec
1004 1766 1038 1830 in
1054 1766 1188 1831 ecclesia
1203 1768 1347 1832 Romana
1361 1767 1482 1832 tulerit.

393 1855 490 1934 Resp.
518 1852 727 1930 Praeterea,
755 1869 838 1931 quae
864 1851 905 1915 de
930 1851 1052 1932 origine
1078 1852 1232 1917 ecclesiae
1252 1853 1416 1918 Romanae
1442 1852 1531 1917 etde

307 1941 423 2007 itinere
446 1937 536 2004 Petri
550 1938 610 2018 Ap.
629 1937 663 2001 in
685 1935 772 2001 orbis
793 1935 995 2016 metropolim
1017 1943 1092 2000 ante
1116 1937 1208 2001 Pauli
1230 1939 1451 2017 captivitatem
1472 1937 1532 2018 pri·

309 2045 395 2091 mam
410 2025 532 2088 Romae
546 2023 613 2087 suis
629 2021 707 2086 locis
722 2020 1031 2099 disseruimus‚1illi
1046 2023 1315 2103 argumentationi
1331 2024 1450 2104 opponi
1464 2041 1533 2104 pos-

309 2116 385 2177 sunt
399 2111 541 2173 rationes
556 2107 725 2188 negativae
741 2110 774 2172 et
788 2106 954 2187 positivae.

396 2197 429 2273 α)
446 2193 636 2274 Nepau'vaei
656 2192 709 2255 Ad
724 2191 758 2272 a)
773 2191 893 2255 Verum
908 2211 971 2256 non
994 2197 1057 2272 est,
1085 2193 1125 2256 de
1144 2192 1269 2258 laetitia
1285 2192 1535 2258 Christianorum

311 2281 528 2346 Romanorum
544 2278 584 2342 ob
600 2277 693 2342 Pauli
708 2277 881 2340 adventum
896 2275 928 2340 in
942 2277 1068 2341 actibus
1082 2279 1165 2358 App.
1180 2277 1259 2342 nihil
1281 2279 1535 2356 commemorari3

311 2362 730 2441 Lucasenim28,15.ait:
763 2360 829 2442 „Et
854 2361 927 2424 ande
952 2385 1022 2425 cum
1047 2363 1209 2426 nudassent
1221 2364 1354 2510 {ratres
1380 2362 1536 2444 (Romae),

312 2461 514 2515 occurrerunt
528 2447 616 2510 nobis
631 2469 729 2530 usque
751 2446 797 2509 ad
808 2446 914 2530 Appii
917 2447 1033 2530 sorum
1048 2459 1077 2510 et
1094 2447 1123 2509 T
1119 2454 1169 2509 res
1188 2460 1220 2509 ta
1241 2471 1351 2528 unas,
1372 2471 1450 2532 quos
1472 2472 1537 2512 mm

313 2535 441 2599 uidisset
458 2531 595 2612 Paulus,
615 2533 739 2611 quatias
754 2554 849 2615 aperus
864 2531 932 2594 Deo
948 2533 1070 2615 accepit
1080 2532 1262 2614 fiduct'arnf‘
1305 2534 1428 2610 Quodsi
1443 2535 1537 2615 igitur

315 2619 416 2684 Paulo
426 2617 599 2681 Christiani
606 2616 740 2680 Romani
751 2616 877 2681 obviam
888 2624 1052 2697 venerunt,
1062 2617 1144 2682 tales
1159 2618 1387 2699 anteprimum
1403 2621 1473 2700 ejus
1485 2619 1537 2683 ad-

314 2709 446 2770 ventum
452 2703 572 2766 Romae
580 2700 730 2780 adhrisse,
745 2702 778 2766 in
787 2701 896 2782 aprico
906 2706 964 2766 est.
985 2702 1037 2765 Ad
1043 2701 1074 2782 b)
1083 2703 1104 2766 J
1106 2703 1281 2767 udaeorum
1288 2723 1449 2785 proceres,
1462 2722 1538 2786 quos

316 2790 437 2854 Paulus
452 2787 494 2852 ad
509 2805 544 2852 se
559 2787 759 2867 convocavit,
776 2787 878 2851 solum
893 2786 1099 2866 profitentur,
1115 2806 1150 2852 se
1166 2788 1263 2868 scire,
1288 2788 1538 2855 Christianorum

316 2880 438 2940 sectam
453 2873 589 2954 ubique,
615 2872 634 2936 i.
651 2891 678 2936 e.
694 2877 761 2936 tam
776 2873 898 2936 Romae
913 2890 1009 2952 quam
1024 2872 1056 2936 in
1071 2873 1142 2936 aliis
1157 2873 1235 2937 locis
1256 2874 1455 2955 impugnari,
1482 2893 1539 2938 non

317 2965 425 3026 autem
450 2959 615 3040 ignorant,
646 2955 901 3021 Christianorum
928 2957 1094 3022 ecclesiam
1121 2958 1218 3021 etiam
1244 2959 1366 3023 Romae
1396 2960 1539 3025 existere.

316 3046 368 3110 hd
394 3043 424 3127 o)
449 3045 569 3106 Lucam
595 3042 628 3105 in
654 3042 779 3106 actibus
799 3043 881 3122 App.
909 3041 949 3121 de
969 3041 1158 3106 Christianis
1184 3043 1336 3108 Romanis
1362 3064 1426 3109 non
1451 3045 1540 3125 plura

315 3130 447 3207 referre,
461 3128 577 3191 mimm
592 3145 663 3191 esse
677 3128 797 3207 nequit,
814 3145 894 3205 cum,
910 3132 947 3190 ut
961 3127 1032 3208 ipsa
1046 3125 1148 3192 forma
1164 3145 1189 3191 c.
1205 3128 1256 3191 28.
1272 3129 1375 3209 docet,
1391 3131 1434 3194 ad
1448 3129 1539 3194 finem

317 3216 424 3297 operis
438 3215 636 3293 properaret.

402 3306 436 3384 β)
456 3297 631 3360 Ponticae:
660 3297 750 3359 Rom.
768 3295 803 3374 1,
821 3296 966 3360 13-15.
982 3302 1096 3361 auctor
1115 3296 1208 3361 dicit:
1237 3297 1349 3376 „Nolo
1370 3311 1473 3362 autem
1492 3321 1541 3362 voa

318 3386 466 3472 ipnorarc
472 3381 610 3466 fratres,
626 3380 701 3464 quia
716 3403 770 3442 sae
793 3403 808 3441 e
818 3384 977 3464 proposui
987 3384 1091 3444 uentre
1106 3382 1152 3444 ad
1162 3403 1229 3463 uos,
1245 3396 1273 3445 et
1282 3383 1464 3466 prohibitus
1477 3406 1543 3447 sum

318 3491 415 3554 usque
430 3465 542 3546 adhuc,
557 3478 591 3527 ut
604 3465 741 3548 aliquem
747 3403 896 3547 fluctum
911 3465 1040 3529 habeam
1055 3468 1129 3530 etin
1145 3467 1240 3547 nobas,
1253 3469 1336 3530 sicut
1350 3480 1379 3530 et
1388 3470 1423 3530 a'n
1440 3470 1544 3533 cetera

317 3551 505 3640 pentibus“;
537 3555 570 3615 et
586 3550 642 3630 15,
664 3549 799 3614 22231
828 3550 991 3634 „Propter
1009 3550 1095 3634 quod
1116 3564 1144 3614 ct
1157 3551 1352 3634 impediebar
1359 3553 1543 3636 plurimum,

321 3639 486 3723 quominus
507 3635 552 3698 ud
569 3657 621 3697 uos
642 3637 788 3697 amarem.
833 3635 908 3697 Jam
930 3658 1000 3698 vero
1020 3659 1089 3698 cum
1108 3636 1142 3698 t'n
1157 3635 1207 3698 has
1221 3637 1400 3722 repobnibus
1414 3637 1544 3702 ulterius

323 3725 424 3786 locum
446 3742 506 3782 non
521 3720 667 3798 habeam,
691 3718 895 3802 suptilitatem
909 3742 979 3781 uero
993 3720 1123 3783 habeam
1138 3744 1159 3782 a
1172 3720 1279 3784 mulh's
1295 3723 1389 3784 annas
1403 3720 1547 3786 veniendi

323 3807 369 3870 ad
391 3827 462 3868 uos:
490 3825 579 3889 sparo
598 3809 687 3882 sore,
717 3817 752 3865 ut
776 3803 811 3865 in
836 3803 1029 3886 Hespant'erm
1051 3805 1256 3887 profecturus
1281 3807 1472 3869 nauseando
1496 3828 1545 3869 uos

322 3889 445 3955 uideam
454 3888 482 3950 ’ἢ
506 3888 569 3964 Qui
582 3886 644 3951 loci
658 3906 860 3968 nequaquam
876 3888 916 3952 de
931 3889 1091 3954 desiderio
1105 3890 1253 3970 Apostoli
1267 3892 1429 3955 Romanos
1444 3892 1544 3956 denuo

323 3973 460 4052 videndi,
476 3972 534 4036 sed
547 3971 671 4034 nonnisi
687 3972 727 4036 de
742 3971 907 4037 voluntate
917 3974 1051 4039 Romam
1061 3975 1165 4055 prima
1176 3975 1245 4039 vice
1256 3975 1403 4040 veniendi
1414 3975 1545 4056 intelligi

322 4064 467 4141 possunt,
482 4056 581 4137 idque
596 4074 634 4119 eo
648 4056 761 4137 magis,
777 4073 849 4120 cum
865 4057 1002 4138 epistola
1012 4058 1092 4124 haec
1101 4059 1180 4123 nihil
1191 4078 1302 4124 eorum
1312 4065 1544 4138 commemoret,

323 4163 407 4227 quae
422 4162 446 4208 s.
461 4142 563 4206 Paulo
578 4141 700 4204 Romu
713 4142 803 4220 prius
817 4144 981 4221 praesenti
995 4143 1197 4224 accidissent,
1211 4145 1298 4225 quod
1312 4151 1421 4210 tamen
1435 4147 1470 4210 in
1484 4144 1545 4226 epi-

324 4229 415 4296 stolis
434 4226 577 4292 Pauhms
598 4224 705 4290 missis
726 4225 769 4287 ad
790 4226 948 4306 ejusmodi
974 4228 1139 4307 ecclesias,
1163 4229 1196 4292 in
1222 4229 1338 4308 quibus
1363 4231 1456 4310 prius
1480 4235 1545 4295 erat

325 4317 548 4390 commoratus,
562 4309 697 4375 inveniri
711 4308 801 4374 solet.
878 4311 883 4319 “

319 4563 323 4568 ,
396 4497 479 4551 1crr.
493 4498 515 4563 §-
529 4495 586 4548 140.
600 4489 698 4546 etus.
