3314 5166
483 287 863 355 ·-res-

116 481 138 528 c.
152 461 203 527 23.-
216 459 316 526 multo
330 458 463 526 uberius
478 477 575 542 quam
589 459 695 526 Lucas
710 459 802 527 nobis
817 461 966 544 servavit,
981 465 1019 527 11
1033 463 1229 544 ostenderet,
1246 459 1337 526 Chri-

115 553 193 614 stum
210 547 284 629 jure
306 565 363 612 suo
386 547 545 613 messiano
567 545 691 628 absque
711 546 775 612 ullo
797 547 961 622 hominum
981 554 1132 631 respectu
1147 553 1180 616 et
1195 548 1236 616 ab
1252 546 1336 614 omni

114 634 222 700 timore
236 631 466 698 alienissimum
481 650 670 698 assensum.
715 632 862 715 Denique

191 719 220 801 1)
243 718 428 785 vaticinium
440 719 481 785 de
491 718 787 800 Hierosolymorum
803 718 925 785 excidio
941 723 974 785 et
988 719 1099 785 mundi
1114 717 1177 786 fine
1193 737 1218 786 c.
1234 717 1286 784 24.
1303 723 1336 784 11

113 805 157 872 25.
172 805 252 870 adeo
268 805 439 887 diligenter
455 805 624 885 enarravit,
640 809 677 868 ut
692 805 839 886 doceret,
865 805 1029 872 Christum
1051 811 1225 889 utrumque
1240 805 1335 870 terri-

112 891 201 957 bilem
216 895 374 970 eventum,
387 890 501 973 judicii
511 890 662 956 messiani
673 890 964 958 manifestationem
976 898 1008 958 et
1021 891 1334 973 consummationem,

113 995 177 1043 cum
192 976 440 1042 circumstantiis
456 976 523 1043 suis
538 975 778 1042 accuratissime
792 977 944 1044 habuisse
960 977 1129 1061 cognitum.

188 1062 217 1127 3.
249 1062 416 1128 Sententia
437 1063 478 1128 de
500 1062 641 1128 auctoris
663 1062 766 1128 nostri
787 1063 916 1130 consilio
938 1083 1012 1129 mox
1032 1063 1179 1145 exposita
1200 1063 1336 1130 multum

111 1147 227 1214 roboris
249 1147 461 1229 nanciscitur,
492 1147 520 1214 si
542 1146 692 1232 11111111
713 1169 835 1233 quoquc
857 1151 1018 1234 tempores,
1050 1168 1112 1231 quo
1137 1149 1335 1231 evangelium

111 1233 247 1316 scripsit,
274 1233 496 1316 respiciantur.
541 1233 715 1315 Tempore,
745 1235 831 1314 quod
856 1233 1152 1316 Hierosolymorum
1178 1235 1335 1302 eversioni

84 1329 85 1332 ’
110 1319 234 1402 propius
246 1324 327 1400 1111,
340 1319 479 1385 testibus
491 1319 613 1399 Tacito,
629 1319 782 1385 Suetonio
794 1325 827 1386 11
838 1320 859 1384 J
861 1321 980 1402 osepho
993 1321 1039 1386 Fl.
1051 1322 1189 1386 maxima
1204 1321 1334 1404 vigebat

109 1407 185 1470 inter
199 1405 343 1472 Judaeos
359 1405 556 1488 exspectatio
571 1402 725 1485 Messias,
747 1406 802 1488 qui
818 1424 873 1472 eos
888 1425 908 1472 a
923 1407 1139 1472 Romanorum
1151 1408 1229 1490 jugo
1246 1412 1333 1473 esset

110 1491 306 1558 liberaturus.
350 1491 459 1559 Etiam
473 1491 774 1574 pseudoprophetae
790 1497 1009 1573 surrexerant,
1026 1493 1082 1576 qui
1096 1493 1179 1560 hanc
1195 1511 1285 1575 spem
1298 1493 1332 1558 in

110 1577 220 1660 populo
234 1576 401 1658 fovebant,
424 1596 562 1660 eumque
577 1576 741 1643 credulum
755 1578 902 1644 maximis
917 1578 1155 1646 calamitatibus
1177 1598 1332 1661 exposue-

111 1667 191 1744 rant,
211 1663 259 1728 ita
274 1667 312 1732 ut
327 1662 464 1745 quisquc
478 1663 619 1745 prudens
634 1683 696 1729 non
711 1670 822 1744 posset
835 1683 898 1730 non
912 1664 1115 1746 praevidere,
1138 1669 1246 1730 actum
1261 1683 1333 1731 esse

111 1748 145 1814 de
158 1749 356 1815 ludaeorum
370 1748 513 1830 natione,
543 1749 604 1814 nisi
619 1749 691 1830 quis
706 1749 854 1832 insanae,
883 1748 1041 1816 fanaticae
1057 1755 1090 1816 et
1106 1749 1200 1815 simul
1223 1756 1332 1816 conta-

110 1833 209 1916 giosae
223 1834 300 1900 huic
315 1834 546 1916 exspectationi
568 1835 760 1900 mederetur.
806 1835 899 1912 Quod
920 1833 991 1901 fieri
1012 1835 1120 1917 potuit
1141 1834 1277 1901 firmiter
1300 1841 1333 1902 11

110 1919 265 1986 audenter
280 1920 542 2001 demonstrando,
563 1920 749 1986 Messiama
769 1920 936 2003 prophetis
955 1921 1181 1986 annunciatum
1203 1921 1236 1987 in
1251 1921 1272 1988 J
1274 1940 1331 1988 esu

110 2003 227 2072 Christo
239 2006 310 2089 jam
324 2006 508 2088 advenisse,
535 2023 640 2088 neque
654 2004 753 2071 alium
768 2024 839 2072 esse
855 2007 1123 2089 exspectandum,
1151 2013 1184 2074 11
1199 2007 1332 2090 quicun-

111 2108 166 2172 que
179 2111 214 2158 se
229 2091 384 2158 Messium
398 2090 606 2174 profiteretur
620 2096 678 2157 aut
692 2110 783 2174 spem
797 2093 923 2158 venturi
938 2091 1074 2173 faceret,
1090 2112 1153 2159 non
1169 2111 1254 2174 esse,
1270 2093 1332 2159 nisi

108 2177 209 2258 populi
231 2178 444 2245 seductorem.
490 2177 571 2244 Cum
589 2178 657 2260 jam
678 2178 872 2260 scriptorum
893 2179 1100 2261 pmdentium
1121 2179 1259 2261 quisque
1274 2180 1331 2245 ad·

106 2261 207 2342 juncta
222 2269 256 2330 et
270 2263 465 2346 indigentias
479 2263 696 2347 proximorum
710 2264 867 2330 lectorum
882 2283 1013 2330 suorum
1028 2264 1188 2348 respicere
1214 2264 1331 2331 soleat:

109 2364 128 2412 s.
142 2347 325 2418 Matthaeus
339 2349 409 2433 ipso
424 2350 478 2416 illo
494 2354 639 2432 tempore
654 2349 798 2416 scribens
812 2370 875 2417 non
889 2355 1019 2433 poterat
1033 2371 1096 2416 nou
1107 2351 1277 2433 provocari
1289 2352 1331 2416 ad

108 2432 163 2500 tale
177 2453 258 2518 opus
274 2437 486 2517 exarandum,
509 2455 573 2519 quo
588 2436 761 2519 populares
776 2455 867 2518 suos,
888 2437 978 2503 vanis
994 2455 1105 2504 eorum
1129 2436 1330 2519 opinionibus
1352 2492 1353 2495 ,

108 2517 260 2604 refutatis,
288 2522 331 2588 ad
353 2521 517 2591 meliorem
538 2526 679 2589 mentem
701 2523 886 2604 reduceret,
913 2527 947 2590 11
968 2541 990 2588 1
1012 2523 1107 2590 malis
1132 2522 1330 2606 gravissimis

108 2612 330 2684 praeserves-et.
360 2607 450 2673 Idem
464 2631 535 2696 erpo
551 2608 733 2692 consilium,
750 2607 836 2694 quod
849 2622 1061 2696 orpameatam
1077 2619 1106 2674 11
1111 2607 1226 2694 forma
1241 2631 1329 2674 1111-

105 2689 175 2774 9111·
185 2693 282 2778 daca,
298 2692 449 2796 urh'aacto
462 2717 585 2781 qaoque
600 2693 954 2781 temporebfloqc'tobuut.
1055 2788 1059 2794 ι

650 2930 679 3015 s.
698 2930 770 2998 114.

385 3067 563 3134 Dispositio
575 3067 740 3132 evangelii
755 3068 788 3120 et
800 3068 1035 3129 argumentum.

181 3223 211 3290 S.
232 3223 420 3291 Matthaeus
441 3221 679 3306 chronologiam
697 3221 731 3290 in
753 3220 923 3290 momentis
944 3225 1071 3288 tantum
1096 3221 1327 3305 principalibus

107 3307 266 3463 lilith
281 3307 1326 3477 ttttlftudhtllihdllmattitulatis

106 3472 212 3547 fautiae
226 3483 248 3549 J
249 3500 308 3548 esu
324 3481 441 3563 excipit
455 3499 570 3547 munus
586 3480 655 3564 ejus
669 3479 852 3562 publicum,
875 3480 949 3546 dein
970 3480 1118 3545 ultimum
1138 3480 1202 3546 iter
1221 3480 1326 3546 hiero·

107 3562 333 3649 solymitanum,
349 3567 472 3650 passio,
488 3585 590 3650 mors,
612 3565 778 3648 sepultura
794 3573 827 3633 11
841 3565 1052 3632 resurrectio:
1074 3564 1204 3632 termini
1217 3570 1326 3632 111111

107 3645 308 3737 chronologici
323 3654 456 3735 desunt,
481 3658 514 3721 et
535 3652 679 3721 formulis
699 3652 754 3719 καὶ
779 3650 919 3737 ἐγένετο,
948 3651 1074 3737 ἐγένετο
1098 3650 1150 3732 δέ,
1176 3651 1265 3732 τότε,
1292 3651 1327 3719 ἐν

107 3729 210 3831 faccia]
224 3743 263 3829 τῇ
277 3737 390 3829 ἡμέρᾳ,
408 3735 486 3829 ὥρᾳ,
504 3737 539 3808 ἐν
555 3736 638 3806 tarto
680 3740 726 3849 cpi
742 3739 844 3825 καιρῷ
860 3753 1095 3835 11111111111,
1111 3737 1196 3803 actio
1207 3737 1327 3803 actioni

107 3817 286 3906 adjungitur.
329 3825 482 3892 Attamen
496 3825 530 3891 in
544 3824 626 3890 form
660 3843 680 3891 a
695 3823 764 3892 απὸ
779 3823 853 3890 τότε
868 3823 918 3889 lus
933 3827 1137 3889 occurrente:
1157 3824 1195 3904 4,
1220 3823 1269 3889 17.
1293 3828 1326 3890 et

108 3901 155 4062 ἐξ,
169 3907 216 3974 21.
230 3911 374 3978 innuitur
394 3911 508 3979 divisio
529 3909 687 3993 evangelii
705 3908 858 3993 primaria
878 3909 920 3976 ab
935 3909 1006 3992 ipso
1021 3914 1155 3976 auctore
1169 3913 1324 3992 spectata.

131 4005 203 4060 uare
1200 4006 1201 4010 ’

211 4114 235 4181 Ι.
267 4133 345 4200 pars
361 4116 389 4198 1,
407 4115 499 4197 1-4,
516 4117 566 4182 16.
582 4114 805 4198 complectitur
859 4114 999 4198 111111,
1016 4119 1050 4182 11
1064 4114 1195 4198 quidem

322 4202 356 4285 1)
379 4221 405 4268 c.
422 4202 450 4267 1.
467 4207 500 4268 et
513 4202 543 4268 2.
560 4201 760 4285 evangelium
773 4137 936 4281 iullanntiaa

320 4288 356 4370 2)
378 4307 405 4354 c.
420 4287 515 4370 3-4,
532 4288 582 4354 11.
596 4287 765 4354 historiam
778 4285 1035 4370 inaugurationis
1051 4284 1180 4369 Christi,

320 4375 356 4457 3)
377 4373 408 4456 4,
425 4373 560 4440 12-16,
576 4372 664 4441 sedis
679 4372 866 4441 electionem
882 4370 1129 4454 Oapharnaumi,

195 4489 234 4556 Π.
266 4511 343 4576 pars
361 4493 399 4576 4,
422 4493 573 4574 17—16,
595 4493 647 4560 20.
667 4516 780 4558 marcus
800 4493 877 4558 Jeau
892 4490 1057 4578 publicum
1081 4508 1146 4574 qua
1171 4489 1323 4574 doctofiS,

265 4579 485 4664 thaumaturgi
506 4585 540 4648 11
557 4579 738 4647 famulaturis
759 4577 914 4647 ecclesiae
936 4595 1015 4646 suae
1040 4595 1100 4660 per
1125 4575 1321 4660 electionem,
