<?xml version="1.0" encoding="UTF-8"?>
<!DOCTYPE html PUBLIC "-//W3C//DTD XHTML 1.0 Transitional//EN"
    "http://www.w3.org/TR/xhtml1/DTD/xhtml1-transitional.dtd">
<html xmlns="http://www.w3.org/1999/xhtml" xml:lang="en" lang="en">
 <head>
  <title>
</title>
<meta http-equiv="Content-Type" content="text/html;charset=utf-8" />
  <meta name='ocr-system' content='tesseract 3.04.00' />
  <meta name='ocr-capabilities' content='ocr_page ocr_carea ocr_par ocr_line ocrx_word'/>
</head>
<body>
  <div class='ocr_page' id='page_1' title='image "./introductioinsa00gngoog_0155.png"; bbox 0 0 3314 5166; ppageno 0'>
   <div class='ocr_carea' id='block_1_1' title="bbox 806 289 1091 352">
    <p class='ocr_par' dir='ltr' id='par_1_1' title="bbox 806 289 1091 352">
     <span class='ocr_line' id='line_1_1' title="bbox 806 289 1091 352; baseline 0.007 -20"><span class='ocrx_word' id='word_1_1' title='bbox 806 327 871 332; x_wconf 68' lang='grc'>..-</span> <span class='ocrx_word' id='word_1_2' title='bbox 918 289 980 352; x_wconf 84' lang='lat'>142</span> <span class='ocrx_word' id='word_1_3' title='bbox 1021 318 1091 334; x_wconf 76' lang='grc'>...-</span> 
     </span>
    </p>
   </div>
   <div class='ocr_carea' id='block_1_2' title="bbox 335 457 1545 797">
    <p class='ocr_par' dir='ltr' id='par_1_2' title="bbox 335 457 1545 797">
     <span class='ocr_line' id='line_1_2' title="bbox 335 457 1545 543; baseline 0.001 -18"><span class='ocrx_word' id='word_1_4' title='bbox 335 461 387 525; x_wconf 87' lang='lat' dir='ltr'>Ita</span> <span class='ocrx_word' id='word_1_5' title='bbox 402 459 592 526; x_wconf 90' lang='lat' dir='ltr'>etiamdum</span> <span class='ocrx_word' id='word_1_6' title='bbox 607 459 782 541; x_wconf 87' lang='lat' dir='ltr'>genitivum</span> <span class='ocrx_word' id='word_1_7' title='bbox 797 460 969 540; x_wconf 82' lang='grc' dir='ltr'><em>Μωσέως,</em></span> <span class='ocrx_word' id='word_1_8' title='bbox 994 459 1088 541; x_wconf 91' lang='lat' dir='ltr'>quil.</span> <span class='ocrx_word' id='word_1_9' title='bbox 1105 457 1176 523; x_wconf 83' lang='lat' dir='ltr'>Gor.</span> <span class='ocrx_word' id='word_1_10' title='bbox 1192 459 1222 538; x_wconf 85' lang='grc'>9,</span> <span class='ocrx_word' id='word_1_11' title='bbox 1237 457 1266 522; x_wconf 88' lang='grc'>8.</span> <span class='ocrx_word' id='word_1_12' title='bbox 1281 458 1325 522; x_wconf 85' lang='lat' dir='ltr'>ad</span> <span class='ocrx_word' id='word_1_13' title='bbox 1339 473 1449 524; x_wconf 85' lang='lat' dir='ltr'>vocem</span> <span class='ocrx_word' id='word_1_14' title='bbox 1462 457 1545 543; x_wconf 83' lang='grc' dir='ltr'><strong><em>νόμος</em></strong></span> 
     </span>
     <span class='ocr_line' id='line_1_3' title="bbox 336 543 1544 626; baseline -0.001 -17"><span class='ocrx_word' id='word_1_15' title='bbox 336 546 468 610; x_wconf 89' lang='lat' dir='ltr'>additus</span> <span class='ocrx_word' id='word_1_16' title='bbox 484 563 613 610; x_wconf 90' lang='lat' dir='ltr'>sensum</span> <span class='ocrx_word' id='word_1_17' title='bbox 627 546 688 610; x_wconf 91' lang='lat' dir='ltr'>loci</span> <span class='ocrx_word' id='word_1_18' title='bbox 698 546 827 610; x_wconf 90' lang='lat' dir='ltr'>minime</span> <span class='ocrx_word' id='word_1_19' title='bbox 838 550 952 623; x_wconf 90' lang='lat' dir='ltr'>mutat,</span> <span class='ocrx_word' id='word_1_20' title='bbox 967 544 1159 608; x_wconf 89' lang='lat' dir='ltr'>aMaroione</span> <span class='ocrx_word' id='word_1_21' title='bbox 1174 545 1335 626; x_wconf 88' lang='lat' dir='ltr'>adjectum</span> <span class='ocrx_word' id='word_1_22' title='bbox 1346 543 1544 624; x_wconf 85' lang='lat' dir='ltr'>elamitarunt,</span> 
     </span>
     <span class='ocr_line' id='line_1_4' title="bbox 335 629 1545 712; baseline -0.002 -17"><span class='ocrx_word' id='word_1_23' title='bbox 335 631 612 712; x_wconf 81' lang='lat' dir='ltr'>interpolationem</span> <span class='ocrx_word' id='word_1_24' title='bbox 641 650 844 712; x_wconf 82' lang='lat' dir='ltr'>nequaquam</span> <span class='ocrx_word' id='word_1_25' title='bbox 874 629 985 695; x_wconf 90' lang='lat' dir='ltr'>stricte</span> <span class='ocrx_word' id='word_1_26' title='bbox 1014 630 1111 695; x_wconf 87' lang='lat' dir='ltr'>talem</span> <span class='ocrx_word' id='word_1_27' title='bbox 1140 630 1379 708; x_wconf 80' lang='lat' dir='ltr'>intellexerunt3</span> <span class='ocrx_word' id='word_1_28' title='bbox 1407 631 1545 695; x_wconf 90' lang='lat' dir='ltr'>lectiones</span> 
     </span>
     <span class='ocr_line' id='line_1_5' title="bbox 336 715 1545 797; baseline -0.002 -17"><span class='ocrx_word' id='word_1_29' title='bbox 336 716 421 780; x_wconf 92' lang='lat' dir='ltr'>enim</span> <span class='ocrx_word' id='word_1_30' title='bbox 445 716 519 782; x_wconf 90' lang='lat' dir='ltr'>illae</span> <span class='ocrx_word' id='word_1_31' title='bbox 544 717 661 796; x_wconf 85' lang='lat' dir='ltr'>partim</span> <span class='ocrx_word' id='word_1_32' title='bbox 687 717 791 781; x_wconf 93' lang='lat' dir='ltr'>minus</span> <span class='ocrx_word' id='word_1_33' title='bbox 817 715 1004 780; x_wconf 80' lang='lat' dir='ltr'>essentiales</span> <span class='ocrx_word' id='word_1_34' title='bbox 1030 721 1121 795; x_wconf 92' lang='lat' dir='ltr'>sunt,</span> <span class='ocrx_word' id='word_1_35' title='bbox 1150 717 1269 797; x_wconf 91' lang='lat' dir='ltr'>partim</span> <span class='ocrx_word' id='word_1_36' title='bbox 1297 716 1330 780; x_wconf 94' lang='lat' dir='ltr'>in</span> <span class='ocrx_word' id='word_1_37' title='bbox 1354 716 1545 796; x_wconf 90' lang='lat' dir='ltr'>paucioribus</span> 
     </span>
    </p>
   </div>
   <div class='ocr_carea' id='block_1_3' title="bbox 335 801 1651 882">
    <p class='ocr_par' dir='ltr' id='par_1_3' title="bbox 335 801 1651 882">
     <span class='ocr_line' id='line_1_6' title="bbox 335 801 1651 882; baseline -0.002 -16"><span class='ocrx_word' id='word_1_38' title='bbox 335 801 570 882; x_wconf 86' lang='lat' dir='ltr'>exemplaribus</span> <span class='ocrx_word' id='word_1_39' title='bbox 592 801 810 882; x_wconf 89' lang='lat' dir='ltr'>inveniuntur,</span> <span class='ocrx_word' id='word_1_40' title='bbox 836 801 956 882; x_wconf 89' lang='lat' dir='ltr'>partim</span> <span class='ocrx_word' id='word_1_41' title='bbox 978 801 1116 882; x_wconf 89' lang='lat' dir='ltr'>denique</span> <span class='ocrx_word' id='word_1_42' title='bbox 1137 821 1200 866; x_wconf 92' lang='lat' dir='ltr'>non</span> <span class='ocrx_word' id='word_1_43' title='bbox 1221 801 1305 866; x_wconf 90' lang='lat' dir='ltr'>malo</span> <span class='ocrx_word' id='word_1_44' title='bbox 1329 801 1474 882; x_wconf 89' lang='lat' dir='ltr'>consilio,</span> <span class='ocrx_word' id='word_1_45' title='bbox 1499 802 1546 865; x_wconf 93' lang='lat' dir='ltr'>sed</span> <span class='ocrx_word' id='word_1_46' title='bbox 1650 841 1651 844; x_wconf 57' lang='lat'><em>=</em></span> 
     </span>
    </p>
   </div>
   <div class='ocr_carea' id='block_1_4' title="bbox 308 887 1550 2340">
    <p class='ocr_par' dir='ltr' id='par_1_4' title="bbox 338 887 1019 968">
     <span class='ocr_line' id='line_1_7' title="bbox 338 887 1019 968; baseline -0.003 -16"><span class='ocrx_word' id='word_1_47' title='bbox 338 888 426 952; x_wconf 91' lang='lat' dir='ltr'>casui</span> <span class='ocrx_word' id='word_1_48' title='bbox 441 887 595 968; x_wconf 87' lang='lat' dir='ltr'>originem</span> <span class='ocrx_word' id='word_1_49' title='bbox 609 887 739 952; x_wconf 82' lang='lat' dir='ltr'>debent.</span> <span class='ocrx_word' id='word_1_50' title='bbox 782 887 875 964; x_wconf 85' lang='lat' dir='ltr'>Quod</span> <span class='ocrx_word' id='word_1_51' title='bbox 889 887 1019 951; x_wconf 89' lang='lat' dir='ltr'>tandem</span> 
     </span>
    </p>

    <p class='ocr_par' dir='ltr' id='par_1_5' title="bbox 333 971 1549 1398">
     <span class='ocr_line' id='line_1_8' title="bbox 420 971 1547 1054; baseline 0 -20"><span class='ocrx_word' id='word_1_52' title='bbox 420 973 450 1053; x_wconf 77' lang='lat' dir='ltr'>a)</span> <span class='ocrx_word' id='word_1_53' title='bbox 474 973 562 1036; x_wconf 73' lang='lat' dir='ltr'>Gelai</span> <span class='ocrx_word' id='word_1_54' title='bbox 580 973 771 1038; x_wconf 86' lang='lat' dir='ltr'>sententiam</span> <span class='ocrx_word' id='word_1_55' title='bbox 786 973 918 1052; x_wconf 84' lang='lat' dir='ltr'>atthret,</span> <span class='ocrx_word' id='word_1_56' title='bbox 941 972 1156 1037; x_wconf 88' lang='lat' dir='ltr'>necessarium</span> <span class='ocrx_word' id='word_1_57' title='bbox 1178 991 1241 1037; x_wconf 92' lang='lat' dir='ltr'>non</span> <span class='ocrx_word' id='word_1_58' title='bbox 1263 978 1314 1038; x_wconf 89' lang='lat' dir='ltr'>est</span> <span class='ocrx_word' id='word_1_59' title='bbox 1333 971 1500 1054; x_wconf 87' lang='lat' dir='ltr'>confugere</span> <span class='ocrx_word' id='word_1_60' title='bbox 1513 972 1547 1034; x_wconf 90' lang='lat' dir='ltr'>ad</span> 
     </span>
     <span class='ocr_line' id='line_1_9' title="bbox 335 1057 1548 1146; baseline -0.004 -22"><span class='ocrx_word' id='word_1_61' title='bbox 335 1059 551 1140; x_wconf 88' lang='lat' dir='ltr'>conjecturam</span> <span class='ocrx_word' id='word_1_62' title='bbox 567 1059 725 1146; x_wconf 59' lang='lat' dir='ltr'>Organa,</span> <span class='ocrx_word' id='word_1_63' title='bbox 741 1059 789 1123; x_wconf 92' lang='lat' dir='ltr'>illi</span> <span class='ocrx_word' id='word_1_64' title='bbox 805 1059 975 1123; x_wconf 85' lang='lat' dir='ltr'>obversata</span> <span class='ocrx_word' id='word_1_65' title='bbox 991 1076 1062 1123; x_wconf 87' lang='lat' dir='ltr'>esse</span> <span class='ocrx_word' id='word_1_66' title='bbox 1077 1057 1241 1139; x_wconf 90' lang='lat' dir='ltr'>evangeha</span> <span class='ocrx_word' id='word_1_67' title='bbox 1254 1058 1438 1140; x_wconf 88' lang='lat' dir='ltr'>apocrypha</span> <span class='ocrx_word' id='word_1_68' title='bbox 1452 1057 1548 1121; x_wconf 93' lang='lat' dir='ltr'>simul·</span> 
     </span>
     <span class='ocr_line' id='line_1_10' title="bbox 334 1143 1548 1226; baseline -0.002 -17"><span class='ocrx_word' id='word_1_69' title='bbox 334 1163 397 1226; x_wconf 93' lang='lat' dir='ltr'>que</span> <span class='ocrx_word' id='word_1_70' title='bbox 417 1164 516 1209; x_wconf 92' lang='lat' dir='ltr'>unum</span> <span class='ocrx_word' id='word_1_71' title='bbox 536 1144 713 1209; x_wconf 88' lang='lat' dir='ltr'>alterumve</span> <span class='ocrx_word' id='word_1_72' title='bbox 728 1163 767 1210; x_wconf 84' lang='lat' dir='ltr'>ex</span> <span class='ocrx_word' id='word_1_73' title='bbox 787 1143 962 1223; x_wconf 83' lang='lat' dir='ltr'>canonicis3</span> <span class='ocrx_word' id='word_1_74' title='bbox 984 1145 1092 1225; x_wconf 91' lang='lat' dir='ltr'>potius</span> <span class='ocrx_word' id='word_1_75' title='bbox 1108 1143 1221 1209; x_wconf 80' lang='lat' dir='ltr'>Celsus</span> <span class='ocrx_word' id='word_1_76' title='bbox 1241 1145 1354 1208; x_wconf 86' lang='lat' dir='ltr'>eadem</span> <span class='ocrx_word' id='word_1_77' title='bbox 1367 1143 1467 1208; x_wconf 89' lang='lat' dir='ltr'>verba</span> <span class='ocrx_word' id='word_1_78' title='bbox 1485 1161 1548 1223; x_wconf 88' lang='lat' dir='ltr'>pro-</span> 
     </span>
     <span class='ocr_line' id='line_1_11' title="bbox 333 1229 1549 1314; baseline -0.003 -20"><span class='ocrx_word' id='word_1_79' title='bbox 333 1230 418 1295; x_wconf 84' lang='lat' dir='ltr'>ferre</span> <span class='ocrx_word' id='word_1_80' title='bbox 432 1231 554 1314; x_wconf 92' lang='lat' dir='ltr'>potuit,</span> <span class='ocrx_word' id='word_1_81' title='bbox 580 1231 608 1294; x_wconf 92' lang='lat' dir='ltr'>si</span> <span class='ocrx_word' id='word_1_82' title='bbox 627 1236 739 1295; x_wconf 89' lang='lat' dir='ltr'>nostra</span> <span class='ocrx_word' id='word_1_83' title='bbox 754 1230 918 1311; x_wconf 76' lang='lat' dir='ltr'>evangeHa</span> <span class='ocrx_word' id='word_1_84' title='bbox 938 1238 971 1294; x_wconf 91' lang='lat' dir='ltr'>et</span> <span class='ocrx_word' id='word_1_85' title='bbox 992 1249 1091 1294; x_wconf 93' lang='lat' dir='ltr'>unum</span> <span class='ocrx_word' id='word_1_86' title='bbox 1109 1229 1286 1296; x_wconf 83' lang='lat' dir='ltr'>alterumve</span> <span class='ocrx_word' id='word_1_87' title='bbox 1306 1229 1549 1310; x_wconf 88' lang='lat' dir='ltr'>apocryphomm</span> 
     </span>
     <span class='ocr_line' id='line_1_12' title="bbox 335 1315 1549 1398; baseline -0.002 -18"><span class='ocrx_word' id='word_1_88' title='bbox 335 1316 477 1381; x_wconf 90' lang='lat' dir='ltr'>contulit.</span> <span class='ocrx_word' id='word_1_89' title='bbox 523 1315 635 1382; x_wconf 80' lang='lat' dir='ltr'>Celsus</span> <span class='ocrx_word' id='word_1_90' title='bbox 651 1317 747 1396; x_wconf 89' lang='lat' dir='ltr'>enim,</span> <span class='ocrx_word' id='word_1_91' title='bbox 772 1315 903 1398; x_wconf 87' lang='lat' dir='ltr'>originis</span> <span class='ocrx_word' id='word_1_92' title='bbox 925 1315 1163 1397; x_wconf 86' lang='lat' dir='ltr'>evangeliorum</span> <span class='ocrx_word' id='word_1_93' title='bbox 1183 1316 1406 1380; x_wconf 88' lang='lat' dir='ltr'>canonicorum</span> <span class='ocrx_word' id='word_1_94' title='bbox 1420 1316 1549 1396; x_wconf 87' lang='lat' dir='ltr'>ignarus,</span> 
     </span>
    </p>

    <p class='ocr_par' dir='ltr' id='par_1_6' title="bbox 308 1400 1549 1740">
     <span class='ocr_line' id='line_1_13' title="bbox 308 1400 1549 1482; baseline -0.001 -17"><span class='ocrx_word' id='word_1_95' title='bbox 308 1421 310 1424; x_wconf 71' lang='grc'>’</span> <span class='ocrx_word' id='word_1_96' title='bbox 334 1402 497 1482; x_wconf 91' lang='lat' dir='ltr'>addendo,</span> <span class='ocrx_word' id='word_1_97' title='bbox 513 1402 689 1466; x_wconf 90' lang='lat' dir='ltr'>omittendo</span> <span class='ocrx_word' id='word_1_98' title='bbox 704 1401 755 1467; x_wconf 87' lang='lat' dir='ltr'>vel</span> <span class='ocrx_word' id='word_1_99' title='bbox 769 1402 967 1466; x_wconf 85' lang='lat' dir='ltr'>immutando</span> <span class='ocrx_word' id='word_1_100' title='bbox 982 1420 1080 1465; x_wconf 92' lang='lat' dir='ltr'>unum</span> <span class='ocrx_word' id='word_1_101' title='bbox 1096 1420 1133 1466; x_wconf 83' lang='lat' dir='ltr'>ex</span> <span class='ocrx_word' id='word_1_102' title='bbox 1148 1402 1250 1466; x_wconf 91' lang='lat' dir='ltr'>altero</span> <span class='ocrx_word' id='word_1_103' title='bbox 1266 1404 1409 1480; x_wconf 84' lang='lat' dir='ltr'>enatum,</span> <span class='ocrx_word' id='word_1_104' title='bbox 1427 1400 1549 1482; x_wconf 82' lang='lat' dir='ltr'>proinde</span> 
     </span>
     <span class='ocr_line' id='line_1_14' title="bbox 335 1487 1549 1569; baseline -0.002 -19"><span class='ocrx_word' id='word_1_105' title='bbox 335 1488 441 1552; x_wconf 91' lang='lat' dir='ltr'>omnia</span> <span class='ocrx_word' id='word_1_106' title='bbox 456 1487 580 1568; x_wconf 88' lang='lat' dir='ltr'>rehqua</span> <span class='ocrx_word' id='word_1_107' title='bbox 596 1507 614 1552; x_wconf 92' lang='lat' dir='ltr'>e</span> <span class='ocrx_word' id='word_1_108' title='bbox 630 1488 832 1569; x_wconf 85' lang='lat' dir='ltr'>corruptione</span> <span class='ocrx_word' id='word_1_109' title='bbox 853 1487 948 1569; x_wconf 90' lang='lat' dir='ltr'>primi</span> <span class='ocrx_word' id='word_1_110' title='bbox 971 1495 1043 1551; x_wconf 89' lang='lat' dir='ltr'>orta</span> <span class='ocrx_word' id='word_1_111' title='bbox 1058 1506 1129 1552; x_wconf 85' lang='lat' dir='ltr'>esse</span> <span class='ocrx_word' id='word_1_112' title='bbox 1143 1487 1296 1568; x_wconf 61' lang='lat' dir='ltr'>putabam</span> <span class='ocrx_word' id='word_1_113' title='bbox 1320 1487 1431 1551; x_wconf 80' lang='lat' dir='ltr'>crassa</span> <span class='ocrx_word' id='word_1_114' title='bbox 1450 1487 1549 1566; x_wconf 83' lang='lat' dir='ltr'>itaque</span> 
     </span>
     <span class='ocr_line' id='line_1_15' title="bbox 335 1572 1549 1656; baseline -0.002 -20"><span class='ocrx_word' id='word_1_115' title='bbox 335 1572 396 1637; x_wconf 87' lang='lat' dir='ltr'>hac</span> <span class='ocrx_word' id='word_1_116' title='bbox 410 1575 443 1638; x_wconf 92' lang='lat' dir='ltr'>in</span> <span class='ocrx_word' id='word_1_117' title='bbox 458 1593 494 1638; x_wconf 91' lang='lat' dir='ltr'>re</span> <span class='ocrx_word' id='word_1_118' title='bbox 507 1573 689 1655; x_wconf 76' lang='lat' dir='ltr'>ignorantia</span> <span class='ocrx_word' id='word_1_119' title='bbox 703 1572 862 1653; x_wconf 89' lang='lat' dir='ltr'>laborans,</span> <span class='ocrx_word' id='word_1_120' title='bbox 877 1573 1082 1654; x_wconf 86' lang='lat' dir='ltr'>praejudiciis</span> <span class='ocrx_word' id='word_1_121' title='bbox 1098 1579 1212 1656; x_wconf 90' lang='lat' dir='ltr'>captus</span> <span class='ocrx_word' id='word_1_122' title='bbox 1227 1578 1260 1640; x_wconf 90' lang='lat' dir='ltr'>et</span> <span class='ocrx_word' id='word_1_123' title='bbox 1275 1573 1348 1638; x_wconf 90' lang='lat' dir='ltr'>odio</span> <span class='ocrx_word' id='word_1_124' title='bbox 1365 1572 1549 1638; x_wconf 80' lang='lat' dir='ltr'>Christiano-</span> 
     </span>
     <span class='ocr_line' id='line_1_16' title="bbox 336 1658 1181 1740; baseline 0 -18"><span class='ocrx_word' id='word_1_125' title='bbox 336 1677 408 1723; x_wconf 86' lang='lat' dir='ltr'>rum</span> <span class='ocrx_word' id='word_1_126' title='bbox 423 1659 613 1724; x_wconf 88' lang='lat' dir='ltr'>obcoecatus</span> <span class='ocrx_word' id='word_1_127' title='bbox 629 1664 812 1740; x_wconf 88' lang='lat' dir='ltr'>competens</span> <span class='ocrx_word' id='word_1_128' title='bbox 823 1659 923 1740; x_wconf 84' lang='lat' dir='ltr'>judex</span> <span class='ocrx_word' id='word_1_129' title='bbox 936 1659 1048 1723; x_wconf 89' lang='lat' dir='ltr'>haberi</span> <span class='ocrx_word' id='word_1_130' title='bbox 1062 1658 1181 1740; x_wconf 92' lang='lat' dir='ltr'>nequit.</span> 
     </span>
    </p>

    <p class='ocr_par' dir='ltr' id='par_1_7' title="bbox 334 1743 1550 2169">
     <span class='ocr_line' id='line_1_17' title="bbox 418 1743 1549 1826; baseline -0.001 -18"><span class='ocrx_word' id='word_1_131' title='bbox 418 1745 449 1810; x_wconf 85' lang='lat'>4.</span> <span class='ocrx_word' id='word_1_132' title='bbox 475 1745 503 1809; x_wconf 84' lang='lat' dir='ltr'><strong>E</strong></span> <span class='ocrx_word' id='word_1_133' title='bbox 526 1744 654 1812; x_wconf 88' lang='lat' dir='ltr'>saeculo</span> <span class='ocrx_word' id='word_1_134' title='bbox 676 1745 730 1809; x_wconf 89' lang='lat' dir='ltr'>VI.</span> <span class='ocrx_word' id='word_1_135' title='bbox 753 1745 972 1810; x_wconf 91' lang='lat' dir='ltr'>testimonium</span> <span class='ocrx_word' id='word_1_136' title='bbox 994 1745 1035 1809; x_wconf 92' lang='lat' dir='ltr'>de</span> <span class='ocrx_word' id='word_1_137' title='bbox 1058 1744 1294 1826; x_wconf 83' lang='lat' dir='ltr'>euangehorum</span> <span class='ocrx_word' id='word_1_138' title='bbox 1315 1743 1549 1825; x_wconf 87' lang='lat' dir='ltr'>interpolatione</span> 
     </span>
     <span class='ocr_line' id='line_1_18' title="bbox 335 1828 1550 1911; baseline -0.001 -18"><span class='ocrx_word' id='word_1_139' title='bbox 335 1837 467 1911; x_wconf 89' lang='lat' dir='ltr'>praesto</span> <span class='ocrx_word' id='word_1_140' title='bbox 490 1836 555 1910; x_wconf 90' lang='lat' dir='ltr'>est;</span> <span class='ocrx_word' id='word_1_141' title='bbox 585 1832 689 1895; x_wconf 77' lang='lat' dir='ltr'>Victor</span> <span class='ocrx_word' id='word_1_142' title='bbox 712 1830 795 1895; x_wconf 90' lang='lat' dir='ltr'>enim</span> <span class='ocrx_word' id='word_1_143' title='bbox 810 1831 982 1910; x_wconf 89' lang='lat' dir='ltr'>Tunensis,</span> <span class='ocrx_word' id='word_1_144' title='bbox 1005 1830 1038 1894; x_wconf 92' lang='lat' dir='ltr'>in</span> <span class='ocrx_word' id='word_1_145' title='bbox 1056 1829 1166 1895; x_wconf 81' lang='lat' dir='ltr'>Africa</span> <span class='ocrx_word' id='word_1_146' title='bbox 1187 1831 1357 1911; x_wconf 91' lang='lat' dir='ltr'>episcopus</span> <span class='ocrx_word' id='word_1_147' title='bbox 1372 1829 1408 1911; x_wconf 69' lang='lat' dir='ltr'>(i</span> <span class='ocrx_word' id='word_1_148' title='bbox 1422 1828 1550 1910; x_wconf 62' lang='lat' dir='ltr'>{abelis</span> 
     </span>
     <span class='ocr_line' id='line_1_19' title="bbox 337 1915 1550 1998; baseline -0.002 -18"><span class='ocrx_word' id='word_1_149' title='bbox 337 1916 541 1998; x_wconf 82' lang='lat' dir='ltr'>chronologia</span> <span class='ocrx_word' id='word_1_150' title='bbox 569 1921 650 1980; x_wconf 83' lang='lat' dir='ltr'>sua1</span> <span class='ocrx_word' id='word_1_151' title='bbox 674 1916 768 1981; x_wconf 87' lang='lat' dir='ltr'>dicit:</span> <span class='ocrx_word' id='word_1_152' title='bbox 806 1915 1080 1996; x_wconf 80' lang='lat' dir='ltr'>Constantinopoli</span> <span class='ocrx_word' id='word_1_153' title='bbox 1105 1916 1145 1980; x_wconf 91' lang='lat' dir='ltr'>ab</span> <span class='ocrx_word' id='word_1_154' title='bbox 1170 1915 1342 1980; x_wconf 85' lang='lat' dir='ltr'>Anastasio</span> <span class='ocrx_word' id='word_1_155' title='bbox 1366 1916 1550 1996; x_wconf 88' lang='lat' dir='ltr'>imperatore</span> 
     </span>
     <span class='ocr_line' id='line_1_20' title="bbox 334 2001 1550 2084; baseline -0.003 -18"><span class='ocrx_word' id='word_1_156' title='bbox 334 2021 428 2067; x_wconf 88' lang='lat' dir='ltr'>sacra</span> <span class='ocrx_word' id='word_1_157' title='bbox 443 2002 622 2084; x_wconf 87' lang='lat' dir='ltr'>evangeha,</span> <span class='ocrx_word' id='word_1_158' title='bbox 645 2006 759 2083; x_wconf 91' lang='lat' dir='ltr'>utpote</span> <span class='ocrx_word' id='word_1_159' title='bbox 780 2001 821 2066; x_wconf 90' lang='lat' dir='ltr'>ab</span> <span class='ocrx_word' id='word_1_160' title='bbox 844 2002 981 2067; x_wconf 86' lang='lat' dir='ltr'>indoctis</span> <span class='ocrx_word' id='word_1_161' title='bbox 995 2001 1175 2067; x_wconf 90' lang='lat' dir='ltr'>hominibus</span> <span class='ocrx_word' id='word_1_162' title='bbox 1191 2002 1327 2082; x_wconf 89' lang='lat' dir='ltr'>scripta,</span> <span class='ocrx_word' id='word_1_163' title='bbox 1350 2019 1423 2066; x_wconf 88' lang='lat' dir='ltr'>esse</span> <span class='ocrx_word' id='word_1_164' title='bbox 1437 2001 1550 2080; x_wconf 81' lang='lat' dir='ltr'>vitupe</span> 
     </span>
     <span class='ocr_line' id='line_1_21' title="bbox 334 2087 856 2169; baseline 0.002 -18"><span class='ocrx_word' id='word_1_165' title='bbox 334 2092 415 2167; x_wconf 90' lang='lat' dir='ltr'>rata,</span> <span class='ocrx_word' id='word_1_166' title='bbox 432 2093 466 2153; x_wconf 90' lang='lat' dir='ltr'>et</span> <span class='ocrx_word' id='word_1_167' title='bbox 480 2107 517 2153; x_wconf 90' lang='lat' dir='ltr'>eo</span> <span class='ocrx_word' id='word_1_168' title='bbox 529 2087 664 2169; x_wconf 78' lang='lat' dir='ltr'>J&#39;ubente</span> <span class='ocrx_word' id='word_1_169' title='bbox 679 2089 856 2152; x_wconf 91' lang='lat' dir='ltr'>emendata.</span> 
     </span>
    </p>

    <p class='ocr_par' dir='ltr' id='par_1_8' title="bbox 334 2172 1550 2340">
     <span class='ocr_line' id='line_1_22' title="bbox 421 2172 1550 2257; baseline -0.002 -21"><span class='ocrx_word' id='word_1_170' title='bbox 421 2173 517 2257; x_wconf 78' lang='lat' dir='ltr'>Besp.</span> <span class='ocrx_word' id='word_1_171' title='bbox 554 2173 785 2254; x_wconf 84' lang='lat' dir='ltr'>Praeterquam</span> <span class='ocrx_word' id='word_1_172' title='bbox 807 2175 894 2254; x_wconf 94' lang='lat' dir='ltr'>quod</span> <span class='ocrx_word' id='word_1_173' title='bbox 914 2173 1013 2238; x_wconf 90' lang='lat' dir='ltr'>verba</span> <span class='ocrx_word' id='word_1_174' title='bbox 1026 2173 1106 2238; x_wconf 89' lang='lat' dir='ltr'>haec</span> <span class='ocrx_word' id='word_1_175' title='bbox 1120 2172 1248 2238; x_wconf 91' lang='lat' dir='ltr'>minime</span> <span class='ocrx_word' id='word_1_176' title='bbox 1269 2172 1412 2237; x_wconf 90' lang='lat' dir='ltr'>indicant</span> <span class='ocrx_word' id='word_1_177' title='bbox 1427 2187 1550 2254; x_wconf 77' lang='lat' dir='ltr'>evange</span> 
     </span>
     <span class='ocr_line' id='line_1_23' title="bbox 334 2257 1550 2340; baseline -0.002 -20"><span class='ocrx_word' id='word_1_178' title='bbox 334 2257 451 2322; x_wconf 90' lang='lat' dir='ltr'>liorum</span> <span class='ocrx_word' id='word_1_179' title='bbox 471 2259 682 2324; x_wconf 87' lang='lat' dir='ltr'>mutationem</span> <span class='ocrx_word' id='word_1_180' title='bbox 703 2259 736 2322; x_wconf 92' lang='lat' dir='ltr'>in</span> <span class='ocrx_word' id='word_1_181' title='bbox 757 2259 937 2340; x_wconf 91' lang='lat' dir='ltr'>argumenti</span> <span class='ocrx_word' id='word_1_182' title='bbox 960 2259 1113 2339; x_wconf 90' lang='lat' dir='ltr'>essentia,</span> <span class='ocrx_word' id='word_1_183' title='bbox 1140 2259 1198 2324; x_wconf 92' lang='lat' dir='ltr'>sed</span> <span class='ocrx_word' id='word_1_184' title='bbox 1217 2259 1258 2323; x_wconf 92' lang='lat' dir='ltr'>de</span> <span class='ocrx_word' id='word_1_185' title='bbox 1276 2257 1345 2322; x_wconf 90' lang='lat' dir='ltr'>sola</span> <span class='ocrx_word' id='word_1_186' title='bbox 1365 2257 1441 2338; x_wconf 87' lang='lat' dir='ltr'>styli</span> <span class='ocrx_word' id='word_1_187' title='bbox 1457 2275 1550 2322; x_wconf 91' lang='lat' dir='ltr'>emen·</span> 
     </span>
    </p>
   </div>
   <div class='ocr_carea' id='block_1_5' title="bbox 335 2341 1651 2427">
    <p class='ocr_par' dir='ltr' id='par_1_9' title="bbox 335 2341 1651 2427">
     <span class='ocr_line' id='line_1_24' title="bbox 335 2341 1651 2427; baseline 0.002 -21"><span class='ocrx_word' id='word_1_188' title='bbox 335 2343 465 2408; x_wconf 89' lang='lat' dir='ltr'>datione</span> <span class='ocrx_word' id='word_1_189' title='bbox 484 2343 620 2425; x_wconf 82' lang='lat' dir='ltr'>intelligi</span> <span class='ocrx_word' id='word_1_190' title='bbox 642 2350 793 2425; x_wconf 90' lang='lat' dir='ltr'>possunt:</span> <span class='ocrx_word' id='word_1_191' title='bbox 809 2345 850 2427; x_wconf 82' lang='lat' dir='ltr'>a)</span> <span class='ocrx_word' id='word_1_192' title='bbox 865 2364 980 2426; x_wconf 90' lang='lat' dir='ltr'>parum</span> <span class='ocrx_word' id='word_1_193' title='bbox 1000 2344 1166 2426; x_wconf 91' lang='lat' dir='ltr'>probabile</span> <span class='ocrx_word' id='word_1_194' title='bbox 1188 2349 1252 2425; x_wconf 92' lang='grc' dir='ltr'>θεῖ,</span> <span class='ocrx_word' id='word_1_195' title='bbox 1274 2344 1335 2408; x_wconf 93' lang='lat' dir='ltr'>hoc</span> <span class='ocrx_word' id='word_1_196' title='bbox 1355 2341 1551 2424; x_wconf 89' lang='lat' dir='ltr'>imperatoris</span> <span class='ocrx_word' id='word_1_197' title='bbox 1650 2369 1651 2408; x_wconf 69' lang='lat'>1</span> 
     </span>
    </p>
   </div>
   <div class='ocr_carea' id='block_1_6' title="bbox 277 2429 1552 4486">
    <p class='ocr_par' dir='ltr' id='par_1_10' title="bbox 329 2429 1552 3542">
     <span class='ocr_line' id='line_1_25' title="bbox 334 2429 1551 2511; baseline -0.002 -19"><span class='ocrx_word' id='word_1_198' title='bbox 334 2434 556 2510; x_wconf 87' lang='lat' dir='ltr'>praeceptum,</span> <span class='ocrx_word' id='word_1_199' title='bbox 580 2430 833 2511; x_wconf 87' lang='lat' dir='ltr'>qualemcunque</span> <span class='ocrx_word' id='word_1_200' title='bbox 847 2431 1056 2496; x_wconf 85' lang='lat' dir='ltr'>mutationem</span> <span class='ocrx_word' id='word_1_201' title='bbox 1069 2431 1257 2509; x_wconf 89' lang='lat' dir='ltr'>intenderit,</span> <span class='ocrx_word' id='word_1_202' title='bbox 1278 2429 1476 2494; x_wconf 80' lang='lat' dir='ltr'>exsecutioni</span> <span class='ocrx_word' id='word_1_203' title='bbox 1490 2444 1551 2492; x_wconf 91' lang='lat' dir='ltr'>esse</span> 
     </span>
     <span class='ocr_line' id='line_1_26' title="bbox 335 2514 1552 2597; baseline -0.002 -19"><span class='ocrx_word' id='word_1_204' title='bbox 335 2515 463 2593; x_wconf 91' lang='lat' dir='ltr'>datum;</span> <span class='ocrx_word' id='word_1_205' title='bbox 481 2534 519 2580; x_wconf 88' lang='lat' dir='ltr'>ex</span> <span class='ocrx_word' id='word_1_206' title='bbox 532 2515 668 2580; x_wconf 88' lang='lat' dir='ltr'>historia</span> <span class='ocrx_word' id='word_1_207' title='bbox 683 2517 766 2580; x_wconf 91' lang='lat' dir='ltr'>enim</span> <span class='ocrx_word' id='word_1_208' title='bbox 782 2522 920 2597; x_wconf 91' lang='lat' dir='ltr'>constat,</span> <span class='ocrx_word' id='word_1_209' title='bbox 941 2517 1148 2580; x_wconf 89' lang='lat' dir='ltr'>Anastasium</span> <span class='ocrx_word' id='word_1_210' title='bbox 1163 2522 1232 2580; x_wconf 89' lang='lat' dir='ltr'>tum</span> <span class='ocrx_word' id='word_1_211' title='bbox 1246 2514 1380 2596; x_wconf 92' lang='lat' dir='ltr'>populo,</span> <span class='ocrx_word' id='word_1_212' title='bbox 1403 2520 1474 2578; x_wconf 91' lang='lat' dir='ltr'>tum</span> <span class='ocrx_word' id='word_1_213' title='bbox 1487 2532 1552 2594; x_wconf 92' lang='lat' dir='ltr'>pro·</span> 
     </span>
     <span class='ocr_line' id='line_1_27' title="bbox 334 2600 1551 2684; baseline -0.003 -20"><span class='ocrx_word' id='word_1_214' title='bbox 334 2600 462 2664; x_wconf 89' lang='lat' dir='ltr'>ceribus</span> <span class='ocrx_word' id='word_1_215' title='bbox 478 2605 510 2664; x_wconf 87' lang='lat' dir='ltr'>et</span> <span class='ocrx_word' id='word_1_216' title='bbox 526 2600 609 2665; x_wconf 92' lang='lat' dir='ltr'>clero</span> <span class='ocrx_word' id='word_1_217' title='bbox 624 2601 717 2666; x_wconf 87' lang='lat' dir='ltr'>valde</span> <span class='ocrx_word' id='word_1_218' title='bbox 731 2600 831 2667; x_wconf 87' lang='lat' dir='ltr'>fuisse</span> <span class='ocrx_word' id='word_1_219' title='bbox 847 2620 991 2683; x_wconf 88' lang='lat' dir='ltr'>exosum,</span> <span class='ocrx_word' id='word_1_220' title='bbox 1010 2602 1057 2666; x_wconf 91' lang='lat' dir='ltr'>ita</span> <span class='ocrx_word' id='word_1_221' title='bbox 1072 2606 1108 2665; x_wconf 91' lang='lat' dir='ltr'>ut</span> <span class='ocrx_word' id='word_1_222' title='bbox 1120 2602 1187 2684; x_wconf 90' lang='lat' dir='ltr'>jam</span> <span class='ocrx_word' id='word_1_223' title='bbox 1200 2601 1276 2668; x_wconf 90' lang='lat' dir='ltr'>inde</span> <span class='ocrx_word' id='word_1_224' title='bbox 1292 2601 1442 2682; x_wconf 83' lang='lat' dir='ltr'>colligere</span> <span class='ocrx_word' id='word_1_225' title='bbox 1457 2600 1551 2677; x_wconf 87' lang='lat' dir='ltr'>liceat,</span> 
     </span>
     <span class='ocr_line' id='line_1_28' title="bbox 332 2683 1552 2769; baseline -0.002 -20"><span class='ocrx_word' id='word_1_226' title='bbox 332 2685 386 2748; x_wconf 85' lang='lat' dir='ltr'>vix</span> <span class='ocrx_word' id='word_1_227' title='bbox 401 2703 510 2750; x_wconf 91' lang='lat' dir='ltr'>omnes</span> <span class='ocrx_word' id='word_1_228' title='bbox 526 2687 595 2767; x_wconf 90' lang='lat' dir='ltr'>ejus</span> <span class='ocrx_word' id='word_1_229' title='bbox 610 2687 757 2752; x_wconf 90' lang='lat' dir='ltr'>subditos</span> <span class='ocrx_word' id='word_1_230' title='bbox 772 2688 833 2753; x_wconf 94' lang='lat' dir='ltr'>hac</span> <span class='ocrx_word' id='word_1_231' title='bbox 847 2689 880 2752; x_wconf 92' lang='lat' dir='ltr'>in</span> <span class='ocrx_word' id='word_1_232' title='bbox 894 2707 930 2753; x_wconf 94' lang='lat' dir='ltr'>re</span> <span class='ocrx_word' id='word_1_233' title='bbox 945 2707 1066 2753; x_wconf 89' lang='lat' dir='ltr'>morem</span> <span class='ocrx_word' id='word_1_234' title='bbox 1080 2687 1236 2769; x_wconf 90' lang='lat' dir='ltr'>gessisse;</span> <span class='ocrx_word' id='word_1_235' title='bbox 1258 2705 1354 2767; x_wconf 91' lang='lat' dir='ltr'>porro</span> <span class='ocrx_word' id='word_1_236' title='bbox 1378 2687 1413 2768; x_wconf 86' lang='lat' dir='ltr'>b)</span> <span class='ocrx_word' id='word_1_237' title='bbox 1436 2683 1552 2751; x_wconf 87' lang='lat' dir='ltr'>etiamsi</span> 
     </span>
     <span class='ocr_line' id='line_1_29' title="bbox 334 2770 1550 2858; baseline -0.002 -23"><span class='ocrx_word' id='word_1_238' title='bbox 334 2771 394 2836; x_wconf 92' lang='lat' dir='ltr'>hoc</span> <span class='ocrx_word' id='word_1_239' title='bbox 409 2773 671 2853; x_wconf 87' lang='lat' dir='ltr'>concederemus,</span> <span class='ocrx_word' id='word_1_240' title='bbox 694 2775 887 2839; x_wconf 91' lang='lat' dir='ltr'>mutationes</span> <span class='ocrx_word' id='word_1_241' title='bbox 902 2775 971 2856; x_wconf 89' lang='lat' dir='ltr'>ejus</span> <span class='ocrx_word' id='word_1_242' title='bbox 982 2776 1076 2858; x_wconf 87' lang='lat' dir='ltr'>jussu</span> <span class='ocrx_word' id='word_1_243' title='bbox 1091 2778 1260 2853; x_wconf 88' lang='lat' dir='ltr'>susceptae</span> <span class='ocrx_word' id='word_1_244' title='bbox 1274 2771 1345 2837; x_wconf 91' lang='lat' dir='ltr'>fieri</span> <span class='ocrx_word' id='word_1_245' title='bbox 1358 2790 1422 2836; x_wconf 92' lang='lat' dir='ltr'>non</span> <span class='ocrx_word' id='word_1_246' title='bbox 1436 2770 1550 2853; x_wconf 89' lang='lat' dir='ltr'>potuis·</span> 
     </span>
     <span class='ocr_line' id='line_1_30' title="bbox 334 2857 1550 2941; baseline -0.002 -20"><span class='ocrx_word' id='word_1_247' title='bbox 334 2863 420 2938; x_wconf 90' lang='lat' dir='ltr'>sent,</span> <span class='ocrx_word' id='word_1_248' title='bbox 436 2857 497 2922; x_wconf 91' lang='lat' dir='ltr'>nisi</span> <span class='ocrx_word' id='word_1_249' title='bbox 510 2858 544 2922; x_wconf 93' lang='lat' dir='ltr'>in</span> <span class='ocrx_word' id='word_1_250' title='bbox 559 2859 722 2924; x_wconf 88' lang='lat' dir='ltr'>codicibus</span> <span class='ocrx_word' id='word_1_251' title='bbox 735 2859 769 2924; x_wconf 95' lang='lat' dir='ltr'>in</span> <span class='ocrx_word' id='word_1_252' title='bbox 783 2860 917 2941; x_wconf 91' lang='lat' dir='ltr'>imperio</span> <span class='ocrx_word' id='word_1_253' title='bbox 931 2859 1096 2924; x_wconf 86' lang='lat' dir='ltr'>Anastasii</span> <span class='ocrx_word' id='word_1_254' title='bbox 1110 2859 1324 2938; x_wconf 63' lang='lat' dir='ltr'>exstantibus</span> <span class='ocrx_word' id='word_1_255' title='bbox 1341 2864 1469 2922; x_wconf 89' lang='lat' dir='ltr'>exteros</span> <span class='ocrx_word' id='word_1_256' title='bbox 1483 2874 1550 2920; x_wconf 91' lang='lat' dir='ltr'>vero</span> 
     </span>
     <span class='ocr_line' id='line_1_31' title="bbox 334 2943 1550 3026; baseline -0.002 -19"><span class='ocrx_word' id='word_1_257' title='bbox 334 2944 561 3024; x_wconf 84' lang='lat' dir='ltr'>exemplarium</span> <span class='ocrx_word' id='word_1_258' title='bbox 572 2963 775 3026; x_wconf 89' lang='lat' dir='ltr'>possessores</span> <span class='ocrx_word' id='word_1_259' title='bbox 786 2951 855 3009; x_wconf 92' lang='lat' dir='ltr'>tum</span> <span class='ocrx_word' id='word_1_260' title='bbox 866 2947 1060 3011; x_wconf 79' lang='lat' dir='ltr'>orthodoxos</span> <span class='ocrx_word' id='word_1_261' title='bbox 1071 2950 1140 3008; x_wconf 88' lang='lat' dir='ltr'>tum</span> <span class='ocrx_word' id='word_1_262' title='bbox 1151 2945 1363 3010; x_wconf 86' lang='lat' dir='ltr'>heterodoxos</span> <span class='ocrx_word' id='word_1_263' title='bbox 1375 2943 1417 3008; x_wconf 91' lang='lat' dir='ltr'>ad</span> <span class='ocrx_word' id='word_1_264' title='bbox 1429 2943 1550 3008; x_wconf 89' lang='lat' dir='ltr'>easdem</span> 
     </span>
     <span class='ocr_line' id='line_1_32' title="bbox 332 3030 1551 3113; baseline -0.002 -21"><span class='ocrx_word' id='word_1_265' title='bbox 332 3031 526 3095; x_wconf 92' lang='lat' dir='ltr'>mutationes</span> <span class='ocrx_word' id='word_1_266' title='bbox 541 3031 574 3096; x_wconf 94' lang='lat' dir='ltr'>in</span> <span class='ocrx_word' id='word_1_267' title='bbox 595 3030 686 3096; x_wconf 87' lang='lat' dir='ltr'>libris</span> <span class='ocrx_word' id='word_1_268' title='bbox 701 3032 768 3096; x_wconf 88' lang='lat' dir='ltr'>suis</span> <span class='ocrx_word' id='word_1_269' title='bbox 789 3032 1008 3113; x_wconf 80' lang='lat' dir='ltr'>susciptendas</span> <span class='ocrx_word' id='word_1_270' title='bbox 1022 3031 1226 3112; x_wconf 89' lang='lat' dir='ltr'>imperatoris</span> <span class='ocrx_word' id='word_1_271' title='bbox 1242 3031 1428 3094; x_wconf 90' lang='lat' dir='ltr'>mandatum</span> <span class='ocrx_word' id='word_1_272' title='bbox 1445 3046 1551 3110; x_wconf 90' lang='lat' dir='ltr'>cogere</span> 
     </span>
     <span class='ocr_line' id='line_1_33' title="bbox 333 3113 1551 3200; baseline -0.002 -21"><span class='ocrx_word' id='word_1_273' title='bbox 333 3116 461 3180; x_wconf 91' lang='lat' dir='ltr'>minime</span> <span class='ocrx_word' id='word_1_274' title='bbox 490 3121 634 3197; x_wconf 89' lang='lat' dir='ltr'>poterat;</span> <span class='ocrx_word' id='word_1_275' title='bbox 664 3118 801 3198; x_wconf 90' lang='lat' dir='ltr'>denique</span> <span class='ocrx_word' id='word_1_276' title='bbox 830 3119 861 3200; x_wconf 89' lang='lat' dir='ltr'>c)</span> <span class='ocrx_word' id='word_1_277' title='bbox 887 3118 966 3182; x_wconf 88' lang='lat' dir='ltr'>haee</span> <span class='ocrx_word' id='word_1_278' title='bbox 990 3117 1129 3183; x_wconf 89' lang='lat' dir='ltr'>Victoris</span> <span class='ocrx_word' id='word_1_279' title='bbox 1155 3117 1196 3180; x_wconf 89' lang='lat' dir='ltr'>ab</span> <span class='ocrx_word' id='word_1_280' title='bbox 1221 3116 1393 3180; x_wconf 85' lang='lat' dir='ltr'>Anastasio</span> <span class='ocrx_word' id='word_1_281' title='bbox 1419 3113 1551 3196; x_wconf 88' lang='lat' dir='ltr'>depositi</span> 
     </span>
     <span class='ocr_line' id='line_1_34' title="bbox 331 3201 1551 3284; baseline -0.001 -20"><span class='ocrx_word' id='word_1_282' title='bbox 331 3201 447 3266; x_wconf 89' lang='lat' dir='ltr'>relatio</span> <span class='ocrx_word' id='word_1_283' title='bbox 461 3207 613 3282; x_wconf 89' lang='lat' dir='ltr'>suspecta</span> <span class='ocrx_word' id='word_1_284' title='bbox 624 3208 683 3282; x_wconf 88' lang='grc' dir='ltr'>θεῖ,</span> <span class='ocrx_word' id='word_1_285' title='bbox 699 3204 775 3283; x_wconf 91' lang='lat' dir='ltr'>quia</span> <span class='ocrx_word' id='word_1_286' title='bbox 789 3222 881 3268; x_wconf 93' lang='lat' dir='ltr'>nemo</span> <span class='ocrx_word' id='word_1_287' title='bbox 893 3203 975 3267; x_wconf 93' lang='lat' dir='ltr'>alius</span> <span class='ocrx_word' id='word_1_288' title='bbox 991 3203 1183 3284; x_wconf 89' lang='lat' dir='ltr'>scriptorum</span> <span class='ocrx_word' id='word_1_289' title='bbox 1198 3203 1293 3284; x_wconf 86' lang='lat' dir='ltr'>hujus</span> <span class='ocrx_word' id='word_1_290' title='bbox 1308 3202 1355 3266; x_wconf 92' lang='lat' dir='ltr'>rei</span> <span class='ocrx_word' id='word_1_291' title='bbox 1366 3203 1551 3265; x_wconf 89' lang='lat' dir='ltr'>mentionem</span> 
     </span>
     <span class='ocr_line' id='line_1_35' title="bbox 329 3286 1551 3370; baseline -0.002 -20"><span class='ocrx_word' id='word_1_292' title='bbox 329 3286 417 3351; x_wconf 85' lang='lat' dir='ltr'>facit.</span> <span class='ocrx_word' id='word_1_293' title='bbox 468 3286 639 3368; x_wconf 88' lang='lat' dir='ltr'>Utcunque</span> <span class='ocrx_word' id='word_1_294' title='bbox 664 3307 740 3354; x_wconf 87' lang='lat' dir='ltr'>vcro</span> <span class='ocrx_word' id='word_1_295' title='bbox 769 3307 821 3353; x_wconf 91' lang='lat' dir='ltr'>res</span> <span class='ocrx_word' id='word_1_296' title='bbox 850 3307 886 3353; x_wconf 89' lang='lat' dir='ltr'>se</span> <span class='ocrx_word' id='word_1_297' title='bbox 911 3289 1045 3369; x_wconf 86' lang='lat' dir='ltr'>habeat,</span> <span class='ocrx_word' id='word_1_298' title='bbox 1076 3288 1311 3370; x_wconf 80' lang='lat' dir='ltr'>evangeHornm</span> <span class='ocrx_word' id='word_1_299' title='bbox 1339 3292 1464 3367; x_wconf 84' lang='lat' dir='ltr'>textus,</span> <span class='ocrx_word' id='word_1_300' title='bbox 1494 3303 1551 3366; x_wconf 91' lang='lat' dir='ltr'>quo</span> 
     </span>
     <span class='ocr_line' id='line_1_36' title="bbox 331 3372 1551 3455; baseline -0.002 -18"><span class='ocrx_word' id='word_1_301' title='bbox 331 3372 505 3438; x_wconf 85' lang='lat' dir='ltr'>hodiedum</span> <span class='ocrx_word' id='word_1_302' title='bbox 527 3373 663 3454; x_wconf 90' lang='lat' dir='ltr'>utimur,</span> <span class='ocrx_word' id='word_1_303' title='bbox 686 3374 734 3438; x_wconf 93' lang='lat' dir='ltr'>ita</span> <span class='ocrx_word' id='word_1_304' title='bbox 755 3378 960 3455; x_wconf 88' lang='lat' dir='ltr'>comparatus</span> <span class='ocrx_word' id='word_1_305' title='bbox 982 3378 1047 3455; x_wconf 90' lang='lat' dir='ltr'>est,</span> <span class='ocrx_word' id='word_1_306' title='bbox 1070 3379 1108 3438; x_wconf 90' lang='lat' dir='ltr'>ut</span> <span class='ocrx_word' id='word_1_307' title='bbox 1129 3393 1164 3439; x_wconf 92' lang='lat' dir='ltr'>se</span> <span class='ocrx_word' id='word_1_308' title='bbox 1179 3374 1319 3439; x_wconf 88' lang='lat' dir='ltr'>virorum</span> <span class='ocrx_word' id='word_1_309' title='bbox 1333 3373 1551 3438; x_wconf 88' lang='lat' dir='ltr'>illiteratorum</span> 
     </span>
     <span class='ocr_line' id='line_1_37' title="bbox 332 3457 1083 3542; baseline 0.004 -21"><span class='ocrx_word' id='word_1_310' title='bbox 332 3475 414 3538; x_wconf 90' lang='lat' dir='ltr'>opus</span> <span class='ocrx_word' id='word_1_311' title='bbox 430 3459 534 3524; x_wconf 87' lang='lat' dir='ltr'>ubivis</span> <span class='ocrx_word' id='word_1_312' title='bbox 549 3457 741 3524; x_wconf 87' lang='lat' dir='ltr'>manifestet.</span> <span class='ocrx_word' id='word_1_313' title='bbox 1081 3535 1083 3542; x_wconf 18' lang='grc' dir='ltr'><strong><em>Α</em></strong></span> 
     </span>
    </p>

    <p class='ocr_par' dir='ltr' id='par_1_11' title="bbox 277 3545 1551 3884">
     <span class='ocr_line' id='line_1_38' title="bbox 289 3545 1551 3630; baseline 0 -24"><span class='ocrx_word' id='word_1_314' title='bbox 289 3603 290 3606; x_wconf 74' lang='grc'>,</span> <span class='ocrx_word' id='word_1_315' title='bbox 418 3545 447 3610; x_wconf 84' lang='lat'>5.</span> <span class='ocrx_word' id='word_1_316' title='bbox 471 3545 560 3609; x_wconf 89' lang='lat' dir='ltr'>Intra</span> <span class='ocrx_word' id='word_1_317' title='bbox 582 3563 665 3610; x_wconf 92' lang='lat' dir='ltr'>saec.</span> <span class='ocrx_word' id='word_1_318' title='bbox 680 3545 767 3610; x_wconf 91' lang='lat' dir='ltr'><strong>VIII.</strong></span> <span class='ocrx_word' id='word_1_319' title='bbox 785 3550 817 3610; x_wconf 92' lang='grc' dir='ltr'>θῖ</span> <span class='ocrx_word' id='word_1_320' title='bbox 831 3545 915 3610; x_wconf 87' lang='lat' dir='ltr'><strong>XIV.</strong></span> <span class='ocrx_word' id='word_1_321' title='bbox 928 3567 988 3630; x_wconf 78' lang='lat' dir='ltr'>per</span> <span class='ocrx_word' id='word_1_322' title='bbox 999 3545 1182 3626; x_wconf 69' lang='lat' dir='ltr'>moechos,</span> <span class='ocrx_word' id='word_1_323' title='bbox 1205 3545 1247 3609; x_wconf 93' lang='lat' dir='ltr'>ad</span> <span class='ocrx_word' id='word_1_324' title='bbox 1269 3563 1350 3625; x_wconf 91' lang='lat' dir='ltr'>quos</span> <span class='ocrx_word' id='word_1_325' title='bbox 1371 3545 1436 3609; x_wconf 73' lang='lat' dir='ltr'>istd</span> <span class='ocrx_word' id='word_1_326' title='bbox 1450 3547 1551 3609; x_wconf 88' lang='lat' dir='ltr'>aetate</span> 
     </span>
     <span class='ocr_line' id='line_1_39' title="bbox 277 3629 1551 3711; baseline -0.002 -18"><span class='ocrx_word' id='word_1_327' title='bbox 277 3668 279 3672; x_wconf 81' lang='lat'><em>.</em></span> <span class='ocrx_word' id='word_1_328' title='bbox 334 3629 434 3693; x_wconf 91' lang='lat' dir='ltr'>omnis</span> <span class='ocrx_word' id='word_1_329' title='bbox 461 3631 598 3695; x_wconf 86' lang='lat' dir='ltr'>eruditio</span> <span class='ocrx_word' id='word_1_330' title='bbox 625 3635 659 3696; x_wconf 88' lang='lat' dir='ltr'>et</span> <span class='ocrx_word' id='word_1_331' title='bbox 683 3631 849 3696; x_wconf 88' lang='lat' dir='ltr'>literarum</span> <span class='ocrx_word' id='word_1_332' title='bbox 873 3631 998 3696; x_wconf 90' lang='lat' dir='ltr'>cultura</span> <span class='ocrx_word' id='word_1_333' title='bbox 1023 3631 1173 3695; x_wconf 90' lang='lat' dir='ltr'>restricta</span> <span class='ocrx_word' id='word_1_334' title='bbox 1195 3631 1420 3711; x_wconf 82' lang='lat' dir='ltr'>delitescebat,</span> <span class='ocrx_word' id='word_1_335' title='bbox 1447 3647 1551 3694; x_wconf 90' lang='lat' dir='ltr'>sacrae</span> 
     </span>
     <span class='ocr_line' id='line_1_40' title="bbox 334 3713 1551 3800; baseline 0 -25"><span class='ocrx_word' id='word_1_336' title='bbox 334 3713 372 3776; x_wconf 91' lang='lat' dir='ltr'>N.</span> <span class='ocrx_word' id='word_1_337' title='bbox 389 3714 423 3777; x_wconf 94' lang='lat' dir='ltr'>T.</span> <span class='ocrx_word' id='word_1_338' title='bbox 438 3714 551 3780; x_wconf 90' lang='lat' dir='ltr'>hterae</span> <span class='ocrx_word' id='word_1_339' title='bbox 569 3717 663 3798; x_wconf 85' lang='lat' dir='ltr'>juxta</span> <span class='ocrx_word' id='word_1_340' title='bbox 684 3718 864 3783; x_wconf 89' lang='lat' dir='ltr'>austeriora</span> <span class='ocrx_word' id='word_1_341' title='bbox 886 3717 1010 3783; x_wconf 86' lang='lat' dir='ltr'>ethicae</span> <span class='ocrx_word' id='word_1_342' title='bbox 1026 3720 1059 3782; x_wconf 89' lang='lat' dir='ltr'>et</span> <span class='ocrx_word' id='word_1_343' title='bbox 1078 3717 1232 3798; x_wconf 88' lang='lat' dir='ltr'>mysticae</span> <span class='ocrx_word' id='word_1_344' title='bbox 1246 3716 1419 3798; x_wconf 90' lang='lat' dir='ltr'>principia,</span> <span class='ocrx_word' id='word_1_345' title='bbox 1441 3715 1551 3800; x_wconf 87' lang='lat' dir='ltr'>quibus</span> 
     </span>
     <span class='ocr_line' id='line_1_41' title="bbox 333 3799 1303 3884; baseline 0.004 -22"><span class='ocrx_word' id='word_1_346' title='bbox 333 3799 456 3863; x_wconf 90' lang='lat' dir='ltr'>addicti</span> <span class='ocrx_word' id='word_1_347' title='bbox 471 3805 570 3881; x_wconf 88' lang='lat' dir='ltr'>erant,</span> <span class='ocrx_word' id='word_1_348' title='bbox 584 3801 678 3867; x_wconf 86' lang='lat' dir='ltr'>facile</span> <span class='ocrx_word' id='word_1_349' title='bbox 692 3803 856 3868; x_wconf 90' lang='lat' dir='ltr'>immutari</span> <span class='ocrx_word' id='word_1_350' title='bbox 872 3821 929 3867; x_wconf 91' lang='lat' dir='ltr'>seu</span> <span class='ocrx_word' id='word_1_351' title='bbox 943 3801 1131 3883; x_wconf 89' lang='lat' dir='ltr'>interpolari</span> <span class='ocrx_word' id='word_1_352' title='bbox 1145 3806 1303 3884; x_wconf 86' lang='lat' dir='ltr'>poterant.</span> 
     </span>
    </p>

    <p class='ocr_par' dir='ltr' id='par_1_12' title="bbox 333 3883 1551 4228">
     <span class='ocr_line' id='line_1_42' title="bbox 419 3883 1551 3970; baseline -0.001 -23"><span class='ocrx_word' id='word_1_353' title='bbox 419 3885 513 3970; x_wconf 76' lang='lat' dir='ltr'>Resp.</span> <span class='ocrx_word' id='word_1_354' title='bbox 558 3887 730 3953; x_wconf 88' lang='lat' dir='ltr'>Monachos</span> <span class='ocrx_word' id='word_1_355' title='bbox 756 3888 854 3953; x_wconf 91' lang='lat' dir='ltr'>medii</span> <span class='ocrx_word' id='word_1_356' title='bbox 883 3889 954 3952; x_wconf 83' lang='lat' dir='ltr'>aevi</span> <span class='ocrx_word' id='word_1_357' title='bbox 983 3887 1106 3968; x_wconf 89' lang='lat' dir='ltr'>absque</span> <span class='ocrx_word' id='word_1_358' title='bbox 1135 3887 1332 3970; x_wconf 84' lang='lat' dir='ltr'>argumentis</span> <span class='ocrx_word' id='word_1_359' title='bbox 1362 3883 1551 3969; x_wconf 86' lang='lat' dir='ltr'>gravissimis</span> 
     </span>
     <span class='ocr_line' id='line_1_43' title="bbox 335 3971 1551 4054; baseline -0.005 -18"><span class='ocrx_word' id='word_1_360' title='bbox 335 3971 492 4054; x_wconf 91' lang='lat' dir='ltr'>ejusmodi</span> <span class='ocrx_word' id='word_1_361' title='bbox 516 3971 712 4053; x_wconf 90' lang='lat' dir='ltr'>imposturae</span> <span class='ocrx_word' id='word_1_362' title='bbox 734 3993 886 4040; x_wconf 89' lang='lat' dir='ltr'>accusare</span> <span class='ocrx_word' id='word_1_363' title='bbox 913 3977 963 4038; x_wconf 92' lang='lat' dir='ltr'>est</span> <span class='ocrx_word' id='word_1_364' title='bbox 988 3974 1112 4050; x_wconf 76' lang='lat' dir='ltr'>summa</span> <span class='ocrx_word' id='word_1_365' title='bbox 1136 3973 1253 4054; x_wconf 76' lang='lat' dir='ltr'>injuria</span> <span class='ocrx_word' id='word_1_366' title='bbox 1278 3991 1333 4037; x_wconf 89' lang='lat' dir='ltr'>eos</span> <span class='ocrx_word' id='word_1_367' title='bbox 1356 3971 1498 4050; x_wconf 88' lang='lat' dir='ltr'>afficere,</span> <span class='ocrx_word' id='word_1_368' title='bbox 1524 3971 1551 4032; x_wconf 93' lang='lat' dir='ltr'>et</span> 
     </span>
     <span class='ocr_line' id='line_1_44' title="bbox 335 4055 1551 4140; baseline -0.003 -18"><span class='ocrx_word' id='word_1_369' title='bbox 335 4077 445 4122; x_wconf 90' lang='lat' dir='ltr'>eorum</span> <span class='ocrx_word' id='word_1_370' title='bbox 461 4075 578 4138; x_wconf 90' lang='lat' dir='ltr'>operae</span> <span class='ocrx_word' id='word_1_371' title='bbox 593 4077 631 4123; x_wconf 93' lang='lat' dir='ltr'>ac</span> <span class='ocrx_word' id='word_1_372' title='bbox 646 4059 761 4140; x_wconf 87' lang='lat' dir='ltr'>studio,</span> <span class='ocrx_word' id='word_1_373' title='bbox 779 4060 829 4125; x_wconf 90' lang='lat' dir='ltr'>cui</span> <span class='ocrx_word' id='word_1_374' title='bbox 844 4059 1047 4140; x_wconf 87' lang='lat' dir='ltr'>antiquitatis</span> <span class='ocrx_word' id='word_1_375' title='bbox 1063 4060 1231 4124; x_wconf 88' lang='lat' dir='ltr'>thesauros</span> <span class='ocrx_word' id='word_1_376' title='bbox 1243 4063 1446 4124; x_wconf 88' lang='lat' dir='ltr'>conservatos</span> <span class='ocrx_word' id='word_1_377' title='bbox 1461 4055 1551 4121; x_wconf 87' lang='lat' dir='ltr'>debe-</span> 
     </span>
     <span class='ocr_line' id='line_1_45' title="bbox 333 4143 869 4228; baseline 0.006 -21"><span class='ocrx_word' id='word_1_378' title='bbox 333 4162 414 4225; x_wconf 85' lang='lat' dir='ltr'>mus,</span> <span class='ocrx_word' id='word_1_379' title='bbox 430 4143 532 4208; x_wconf 89' lang='lat' dir='ltr'>malas</span> <span class='ocrx_word' id='word_1_380' title='bbox 547 4145 723 4225; x_wconf 88' lang='lat' dir='ltr'>rependere</span> <span class='ocrx_word' id='word_1_381' title='bbox 738 4147 869 4228; x_wconf 86' lang='lat' dir='ltr'>gratias</span> 
     </span>
    </p>

    <p class='ocr_par' dir='ltr' id='par_1_13' title="bbox 333 4227 1550 4486">
     <span class='ocr_line' id='line_1_46' title="bbox 417 4227 1550 4312; baseline -0.004 -20"><span class='ocrx_word' id='word_1_382' title='bbox 417 4229 479 4294; x_wconf 85' lang='lat' dir='ltr'>Ast</span> <span class='ocrx_word' id='word_1_383' title='bbox 489 4229 595 4295; x_wconf 88' lang='lat' dir='ltr'>missis</span> <span class='ocrx_word' id='word_1_384' title='bbox 609 4231 697 4296; x_wconf 90' lang='lat' dir='ltr'>hisce</span> <span class='ocrx_word' id='word_1_385' title='bbox 712 4232 880 4312; x_wconf 89' lang='lat' dir='ltr'>sequentia</span> <span class='ocrx_word' id='word_1_386' title='bbox 891 4230 1113 4295; x_wconf 87' lang='lat' dir='ltr'>observamus:</span> <span class='ocrx_word' id='word_1_387' title='bbox 1131 4228 1210 4294; x_wconf 83' lang='lat' dir='ltr'>Cum</span> <span class='ocrx_word' id='word_1_388' title='bbox 1224 4229 1280 4294; x_wconf 79' lang='lat' dir='ltr'>illa</span> <span class='ocrx_word' id='word_1_389' title='bbox 1294 4234 1403 4295; x_wconf 86' lang='lat' dir='ltr'>aetate</span> <span class='ocrx_word' id='word_1_390' title='bbox 1415 4227 1550 4293; x_wconf 89' lang='lat' dir='ltr'>codicum</span> 
     </span>
     <span class='ocr_line' id='line_1_47' title="bbox 333 4313 1550 4396; baseline -0.007 -16"><span class='ocrx_word' id='word_1_391' title='bbox 333 4333 483 4381; x_wconf 88' lang='lat' dir='ltr'>numerus</span> <span class='ocrx_word' id='word_1_392' title='bbox 512 4314 579 4382; x_wconf 87' lang='lat' dir='ltr'>fere</span> <span class='ocrx_word' id='word_1_393' title='bbox 608 4316 781 4382; x_wconf 88' lang='lat' dir='ltr'>immensus</span> <span class='ocrx_word' id='word_1_394' title='bbox 811 4318 970 4395; x_wconf 74' lang='lat' dir='ltr'>adesset3&#39;</span> <span class='ocrx_word' id='word_1_395' title='bbox 986 4335 1058 4380; x_wconf 91' lang='lat' dir='ltr'>cum</span> <span class='ocrx_word' id='word_1_396' title='bbox 1083 4317 1246 4380; x_wconf 84' lang='lat' dir='ltr'>versiones</span> <span class='ocrx_word' id='word_1_397' title='bbox 1276 4334 1373 4396; x_wconf 93' lang='lat' dir='ltr'>quam</span> <span class='ocrx_word' id='word_1_398' title='bbox 1402 4313 1550 4396; x_wconf 89' lang='lat' dir='ltr'>plurimae</span> 
     </span>
     <span class='ocr_line' id='line_1_48' title="bbox 335 4399 1549 4486; baseline -0.006 -21"><span class='ocrx_word' id='word_1_399' title='bbox 335 4405 513 4483; x_wconf 88' lang='lat' dir='ltr'>exstarent,</span> <span class='ocrx_word' id='word_1_400' title='bbox 541 4408 574 4468; x_wconf 90' lang='grc' dir='ltr'>θῖ</span> <span class='ocrx_word' id='word_1_401' title='bbox 598 4403 772 4486; x_wconf 89' lang='lat' dir='ltr'>pleraeque</span> <span class='ocrx_word' id='word_1_402' title='bbox 793 4401 832 4469; x_wconf 89' lang='lat' dir='ltr'>N.</span> <span class='ocrx_word' id='word_1_403' title='bbox 848 4403 883 4468; x_wconf 88' lang='lat' dir='ltr'>T.</span> <span class='ocrx_word' id='word_1_404' title='bbox 904 4406 1014 4484; x_wconf 89' lang='lat' dir='ltr'>partes</span> <span class='ocrx_word' id='word_1_405' title='bbox 1038 4400 1070 4467; x_wconf 90' lang='lat' dir='ltr'>in</span> <span class='ocrx_word' id='word_1_406' title='bbox 1091 4399 1226 4478; x_wconf 82' lang='lat' dir='ltr'>Petrum</span> <span class='ocrx_word' id='word_1_407' title='bbox 1251 4401 1380 4482; x_wconf 90' lang='lat' dir='ltr'>scriptis</span> <span class='ocrx_word' id='word_1_408' title='bbox 1405 4400 1549 4464; x_wconf 89' lang='lat' dir='ltr'>laterent:</span> 
     </span>
    </p>
   </div>
   <div class='ocr_carea' id='block_1_7' title="bbox 335 4523 536 4534">
    <p class='ocr_par' dir='ltr' id='par_1_14' title="bbox 335 4523 536 4534">
     <span class='ocr_line' id='line_1_49' title="bbox 335 4523 536 4534; baseline 0 0"><span class='ocrx_word' id='word_1_409' title='bbox 335 4523 536 4534; x_wconf 48' lang='grc' dir='ltr'>μοι-νῇ·-</span> 
     </span>
    </p>
   </div>
   <div class='ocr_carea' id='block_1_8' title="bbox 405 4587 976 4663">
    <p class='ocr_par' dir='ltr' id='par_1_15' title="bbox 405 4587 976 4663">
     <span class='ocr_line' id='line_1_50' title="bbox 405 4587 976 4663; baseline -0.004 -21"><span class='ocrx_word' id='word_1_410' title='bbox 405 4592 415 4622; x_wconf 89' lang='lat'><strong>¹</strong></span> <span class='ocrx_word' id='word_1_411' title='bbox 432 4588 487 4643; x_wconf 82' lang='lat' dir='ltr'>Cir.</span> <span class='ocrx_word' id='word_1_412' title='bbox 501 4588 633 4658; x_wconf 85' lang='lat' dir='ltr'>Scaliger:</span> <span class='ocrx_word' id='word_1_413' title='bbox 651 4587 807 4641; x_wconf 88' lang='lat' dir='ltr'>Thesaurus</span> <span class='ocrx_word' id='word_1_414' title='bbox 819 4591 976 4663; x_wconf 85' lang='lat' dir='ltr'>temporum.</span> 
     </span>
    </p>
   </div>
   <div class='ocr_carea' id='block_1_9' title="bbox 0 0 1665 5166">
    <p class='ocr_par' dir='ltr' id='par_1_16' title="bbox 0 0 1665 5166">
     <span class='ocr_line' id='line_1_51' title="bbox 0 0 1665 5166; baseline 0 0"><span class='ocrx_word' id='word_1_415' title='bbox 0 0 1665 5166; x_wconf 95' lang='lat' dir='ltr'> </span> 
     </span>
    </p>
   </div>
  </div>
 </body>
</html>
