<?xml version="1.0" encoding="UTF-8"?>
<!DOCTYPE html PUBLIC "-//W3C//DTD XHTML 1.0 Transitional//EN"
    "http://www.w3.org/TR/xhtml1/DTD/xhtml1-transitional.dtd">
<html xmlns="http://www.w3.org/1999/xhtml" xml:lang="en" lang="en">
 <head>
  <title>
</title>
<meta http-equiv="Content-Type" content="text/html;charset=utf-8" />
  <meta name='ocr-system' content='tesseract 3.04.00' />
  <meta name='ocr-capabilities' content='ocr_page ocr_carea ocr_par ocr_line ocrx_word'/>
</head>
<body>
  <div class='ocr_page' id='page_1' title='image "./introductioinsa00gngoog_0077.png"; bbox 0 0 3356 5176; ppageno 0'>
   <div class='ocr_carea' id='block_1_1' title="bbox 785 282 1048 344">
    <p class='ocr_par' dir='ltr' id='par_1_1' title="bbox 785 282 1048 344">
     <span class='ocr_line' id='line_1_1' title="bbox 785 282 1048 344; baseline -0.004 -19"><span class='ocrx_word' id='word_1_1' title='bbox 785 282 1048 344; x_wconf 68' lang='lat'>-62--</span> 
     </span>
    </p>
   </div>
   <div class='ocr_carea' id='block_1_2' title="bbox 300 451 1617 1986">
    <p class='ocr_par' dir='ltr' id='par_1_2' title="bbox 300 451 1617 1473">
     <span class='ocr_line' id='line_1_2' title="bbox 394 451 1531 534; baseline 0.003 -20"><span class='ocrx_word' id='word_1_2' title='bbox 394 451 478 527; x_wconf 85' lang='lat' dir='ltr'>Quid</span> <span class='ocrx_word' id='word_1_3' title='bbox 492 454 629 530; x_wconf 87' lang='lat' dir='ltr'>uterque</span> <span class='ocrx_word' id='word_1_4' title='bbox 643 451 675 515; x_wconf 95' lang='lat' dir='ltr'>in</span> <span class='ocrx_word' id='word_1_5' title='bbox 691 456 780 516; x_wconf 90' lang='lat' dir='ltr'>textu</span> <span class='ocrx_word' id='word_1_6' title='bbox 795 469 887 516; x_wconf 90' lang='lat' dir='ltr'>sacro</span> <span class='ocrx_word' id='word_1_7' title='bbox 902 453 1059 531; x_wconf 84' lang='lat' dir='ltr'>effecerit,</span> <span class='ocrx_word' id='word_1_8' title='bbox 1081 453 1286 516; x_wconf 90' lang='lat' dir='ltr'>determinari</span> <span class='ocrx_word' id='word_1_9' title='bbox 1307 453 1432 533; x_wconf 88' lang='lat' dir='ltr'>nequit;</span> <span class='ocrx_word' id='word_1_10' title='bbox 1452 473 1531 534; x_wconf 90' lang='lat' dir='ltr'>pro-</span> 
     </span>
     <span class='ocr_line' id='line_1_3' title="bbox 306 536 1617 618; baseline 0.002 -18"><span class='ocrx_word' id='word_1_11' title='bbox 306 537 456 601; x_wconf 89' lang='lat' dir='ltr'>babihter</span> <span class='ocrx_word' id='word_1_12' title='bbox 470 536 709 616; x_wconf 78' lang='lat' dir='ltr'>perspicuitatis</span> <span class='ocrx_word' id='word_1_13' title='bbox 724 537 829 618; x_wconf 92' lang='lat' dir='ltr'>gratia</span> <span class='ocrx_word' id='word_1_14' title='bbox 843 537 946 601; x_wconf 89' lang='lat' dir='ltr'>aliena</span> <span class='ocrx_word' id='word_1_15' title='bbox 961 537 1155 601; x_wconf 91' lang='lat' dir='ltr'>addiderunt</span> <span class='ocrx_word' id='word_1_16' title='bbox 1174 557 1192 602; x_wconf 93' lang='lat' dir='ltr'>e</span> <span class='ocrx_word' id='word_1_17' title='bbox 1212 539 1289 602; x_wconf 93' lang='lat' dir='ltr'>locis</span> <span class='ocrx_word' id='word_1_18' title='bbox 1309 539 1473 618; x_wconf 79' lang='lat' dir='ltr'>parallelis</span> <span class='ocrx_word' id='word_1_19' title='bbox 1498 547 1532 602; x_wconf 92' lang='lat' dir='ltr'>et</span> <span class='ocrx_word' id='word_1_20' title='bbox 1615 605 1617 612; x_wconf 63' lang='grc'>,</span> 
     </span>
     <span class='ocr_line' id='line_1_4' title="bbox 305 621 1532 705; baseline 0.002 -20"><span class='ocrx_word' id='word_1_21' title='bbox 305 641 323 685; x_wconf 89' lang='lat' dir='ltr'>e</span> <span class='ocrx_word' id='word_1_22' title='bbox 348 621 432 686; x_wconf 92' lang='lat' dir='ltr'>notis</span> <span class='ocrx_word' id='word_1_23' title='bbox 460 622 630 702; x_wconf 78' lang='lat' dir='ltr'>exegeticis</span> <span class='ocrx_word' id='word_1_24' title='bbox 658 623 774 702; x_wconf 90' lang='lat' dir='ltr'>petita,</span> <span class='ocrx_word' id='word_1_25' title='bbox 804 622 975 686; x_wconf 89' lang='lat' dir='ltr'>dictionem</span> <span class='ocrx_word' id='word_1_26' title='bbox 1004 623 1124 703; x_wconf 89' lang='lat' dir='ltr'>regulis</span> <span class='ocrx_word' id='word_1_27' title='bbox 1153 625 1370 704; x_wconf 86' lang='lat' dir='ltr'>grammaticis</span> <span class='ocrx_word' id='word_1_28' title='bbox 1399 624 1532 705; x_wconf 85' lang='lat' dir='ltr'>linguae</span> 
     </span>
     <span class='ocr_line' id='line_1_5' title="bbox 304 707 1533 788; baseline 0.003 -19"><span class='ocrx_word' id='word_1_29' title='bbox 304 725 439 788; x_wconf 87' lang='lat' dir='ltr'>graecae</span> <span class='ocrx_word' id='word_1_30' title='bbox 464 707 565 788; x_wconf 91' lang='lat' dir='ltr'>magis</span> <span class='ocrx_word' id='word_1_31' title='bbox 591 707 826 772; x_wconf 90' lang='lat' dir='ltr'>conformarunt</span> <span class='ocrx_word' id='word_1_32' title='bbox 847 714 878 772; x_wconf 92' lang='lat' dir='ltr'>et</span> <span class='ocrx_word' id='word_1_33' title='bbox 899 707 996 770; x_wconf 91' lang='lat' dir='ltr'>alium</span> <span class='ocrx_word' id='word_1_34' title='bbox 1016 708 1243 772; x_wconf 91' lang='lat' dir='ltr'>vocabulorum</span> <span class='ocrx_word' id='word_1_35' title='bbox 1264 709 1406 773; x_wconf 87' lang='lat' dir='ltr'>ordinem</span> <span class='ocrx_word' id='word_1_36' title='bbox 1426 708 1533 773; x_wconf 83' lang='lat' dir='ltr'>intro-</span> 
     </span>
     <span class='ocr_line' id='line_1_6' title="bbox 304 793 1534 875; baseline 0.002 -19"><span class='ocrx_word' id='word_1_37' title='bbox 304 794 470 856; x_wconf 90' lang='lat' dir='ltr'>duxerunt.</span> <span class='ocrx_word' id='word_1_38' title='bbox 515 795 666 856; x_wconf 90' lang='lat' dir='ltr'>Attamen</span> <span class='ocrx_word' id='word_1_39' title='bbox 681 793 850 874; x_wconf 90' lang='lat' dir='ltr'>utriusque</span> <span class='ocrx_word' id='word_1_40' title='bbox 870 794 1012 858; x_wconf 88' lang='lat' dir='ltr'>recensio</span> <span class='ocrx_word' id='word_1_41' title='bbox 1031 813 1092 858; x_wconf 90' lang='lat' dir='ltr'>non</span> <span class='ocrx_word' id='word_1_42' title='bbox 1112 793 1209 858; x_wconf 89' lang='lat' dir='ltr'>latius</span> <span class='ocrx_word' id='word_1_43' title='bbox 1229 800 1408 875; x_wconf 90' lang='lat' dir='ltr'>propagata</span> <span class='ocrx_word' id='word_1_44' title='bbox 1427 794 1534 859; x_wconf 85' lang='lat' dir='ltr'>luisse</span> 
     </span>
     <span class='ocr_line' id='line_1_7' title="bbox 300 878 1533 961; baseline 0.002 -20"><span class='ocrx_word' id='word_1_45' title='bbox 300 878 444 956; x_wconf 77' lang='lat' dir='ltr'>videtur3</span> <span class='ocrx_word' id='word_1_46' title='bbox 478 879 564 958; x_wconf 91' lang='lat' dir='ltr'>quod</span> <span class='ocrx_word' id='word_1_47' title='bbox 589 878 672 942; x_wconf 89' lang='lat' dir='ltr'>enim</span> <span class='ocrx_word' id='word_1_48' title='bbox 698 897 722 942; x_wconf 89' lang='lat' dir='ltr'>s.</span> <span class='ocrx_word' id='word_1_49' title='bbox 745 879 957 958; x_wconf 85' lang='lat' dir='ltr'>Hieronymus</span> <span class='ocrx_word' id='word_1_50' title='bbox 979 879 1019 943; x_wconf 92' lang='lat' dir='ltr'>de</span> <span class='ocrx_word' id='word_1_51' title='bbox 1040 897 1102 942; x_wconf 91' lang='lat' dir='ltr'>usu</span> <span class='ocrx_word' id='word_1_52' title='bbox 1130 879 1284 943; x_wconf 90' lang='lat' dir='ltr'>versionis</span> <span class='ocrx_word' id='word_1_53' title='bbox 1307 880 1460 961; x_wconf 87' lang='lat' dir='ltr'>Septuag.</span> <span class='ocrx_word' id='word_1_54' title='bbox 1489 880 1533 943; x_wconf 92' lang='lat' dir='ltr'>ab</span> 
     </span>
     <span class='ocr_line' id='line_1_8' title="bbox 303 963 1535 1044; baseline 0.001 -17"><span class='ocrx_word' id='word_1_55' title='bbox 303 963 366 1027; x_wconf 89' lang='lat' dir='ltr'>illis</span> <span class='ocrx_word' id='word_1_56' title='bbox 386 964 573 1028; x_wconf 88' lang='lat' dir='ltr'>emendatae</span> <span class='ocrx_word' id='word_1_57' title='bbox 593 969 746 1043; x_wconf 85' lang='lat' dir='ltr'>testatur,</span> <span class='ocrx_word' id='word_1_58' title='bbox 772 983 834 1027; x_wconf 92' lang='lat' dir='ltr'>non</span> <span class='ocrx_word' id='word_1_59' title='bbox 857 964 1043 1044; x_wconf 91' lang='lat' dir='ltr'>simpliciter</span> <span class='ocrx_word' id='word_1_60' title='bbox 1065 966 1236 1030; x_wconf 87' lang='lat' dir='ltr'>extendere</span> <span class='ocrx_word' id='word_1_61' title='bbox 1258 964 1332 1029; x_wconf 91' lang='lat' dir='ltr'>licet</span> <span class='ocrx_word' id='word_1_62' title='bbox 1354 966 1395 1028; x_wconf 94' lang='lat' dir='ltr'>ad</span> <span class='ocrx_word' id='word_1_63' title='bbox 1410 983 1535 1029; x_wconf 92' lang='lat' dir='ltr'>novum</span> 
     </span>
     <span class='ocr_line' id='line_1_9' title="bbox 303 1049 1533 1131; baseline 0.001 -19"><span class='ocrx_word' id='word_1_64' title='bbox 303 1055 531 1126; x_wconf 74' lang='lat' dir='ltr'>testamentum</span> <span class='ocrx_word' id='word_1_65' title='bbox 545 1049 586 1113; x_wconf 91' lang='lat' dir='ltr'>ab</span> <span class='ocrx_word' id='word_1_66' title='bbox 608 1049 654 1113; x_wconf 92' lang='lat' dir='ltr'>eis</span> <span class='ocrx_word' id='word_1_67' title='bbox 673 1067 851 1127; x_wconf 82' lang='lat' dir='ltr'>recensum3</span> <span class='ocrx_word' id='word_1_68' title='bbox 879 1050 952 1113; x_wconf 90' lang='lat' dir='ltr'>dein</span> <span class='ocrx_word' id='word_1_69' title='bbox 972 1050 1097 1114; x_wconf 88' lang='lat' dir='ltr'>codices</span> <span class='ocrx_word' id='word_1_70' title='bbox 1118 1069 1241 1129; x_wconf 88' lang='lat' dir='ltr'>eorum,</span> <span class='ocrx_word' id='word_1_71' title='bbox 1268 1056 1305 1114; x_wconf 90' lang='lat' dir='ltr'>ut</span> <span class='ocrx_word' id='word_1_72' title='bbox 1327 1050 1486 1131; x_wconf 84' lang='lat' dir='ltr'>ejudicio</span> <span class='ocrx_word' id='word_1_73' title='bbox 1508 1069 1533 1114; x_wconf 93' lang='lat' dir='ltr'>s.</span> 
     </span>
     <span class='ocr_line' id='line_1_10' title="bbox 303 1134 1535 1215; baseline 0.002 -18"><span class='ocrx_word' id='word_1_74' title='bbox 303 1134 487 1215; x_wconf 86' lang='lat' dir='ltr'>Hieronymi</span> <span class='ocrx_word' id='word_1_75' title='bbox 502 1141 602 1214; x_wconf 89' lang='lat' dir='ltr'>patet,</span> <span class='ocrx_word' id='word_1_76' title='bbox 617 1135 728 1215; x_wconf 87' lang='lat' dir='ltr'>paucis</span> <span class='ocrx_word' id='word_1_77' title='bbox 742 1136 928 1215; x_wconf 82' lang='lat' dir='ltr'>arriserunt,</span> <span class='ocrx_word' id='word_1_78' title='bbox 950 1135 1025 1215; x_wconf 95' lang='lat' dir='ltr'>quia</span> <span class='ocrx_word' id='word_1_79' title='bbox 1039 1154 1059 1199; x_wconf 90' lang='lat' dir='ltr'>a</span> <span class='ocrx_word' id='word_1_80' title='bbox 1073 1134 1161 1199; x_wconf 88' lang='lat' dir='ltr'>falsis</span> <span class='ocrx_word' id='word_1_81' title='bbox 1176 1154 1287 1200; x_wconf 93' lang='lat' dir='ltr'>eorum</span> <span class='ocrx_word' id='word_1_82' title='bbox 1301 1136 1535 1200; x_wconf 87' lang='lat' dir='ltr'>additamentis</span> 
     </span>
     <span class='ocr_line' id='line_1_11' title="bbox 302 1220 1535 1302; baseline 0 -18"><span class='ocrx_word' id='word_1_83' title='bbox 302 1239 365 1284; x_wconf 93' lang='lat' dir='ltr'>non</span> <span class='ocrx_word' id='word_1_84' title='bbox 385 1227 535 1301; x_wconf 90' lang='lat' dir='ltr'>poterant</span> <span class='ocrx_word' id='word_1_85' title='bbox 553 1239 615 1284; x_wconf 94' lang='lat' dir='ltr'>non</span> <span class='ocrx_word' id='word_1_86' title='bbox 634 1239 835 1301; x_wconf 91' lang='lat' dir='ltr'>summopere</span> <span class='ocrx_word' id='word_1_87' title='bbox 855 1220 1028 1285; x_wconf 88' lang='lat' dir='ltr'>abhorrere</span> <span class='ocrx_word' id='word_1_88' title='bbox 1047 1221 1263 1301; x_wconf 87' lang='lat' dir='ltr'>antiquiorum</span> <span class='ocrx_word' id='word_1_89' title='bbox 1286 1221 1430 1285; x_wconf 91' lang='lat' dir='ltr'>codicum</span> <span class='ocrx_word' id='word_1_90' title='bbox 1453 1239 1535 1302; x_wconf 94' lang='lat' dir='ltr'>pos-</span> 
     </span>
     <span class='ocr_line' id='line_1_12' title="bbox 303 1306 1615 1390; baseline 0.001 -21"><span class='ocrx_word' id='word_1_91' title='bbox 303 1323 462 1384; x_wconf 88' lang='lat' dir='ltr'>sessores;</span> <span class='ocrx_word' id='word_1_92' title='bbox 488 1306 626 1387; x_wconf 88' lang='lat' dir='ltr'>denique</span> <span class='ocrx_word' id='word_1_93' title='bbox 646 1312 863 1385; x_wconf 87' lang='lat' dir='ltr'>monumenta,</span> <span class='ocrx_word' id='word_1_94' title='bbox 887 1323 970 1386; x_wconf 91' lang='lat' dir='ltr'>quae</span> <span class='ocrx_word' id='word_1_95' title='bbox 991 1326 1008 1370; x_wconf 93' lang='lat' dir='ltr'>e</span> <span class='ocrx_word' id='word_1_96' title='bbox 1029 1306 1149 1371; x_wconf 91' lang='lat' dir='ltr'>seriore</span> <span class='ocrx_word' id='word_1_97' title='bbox 1163 1311 1308 1387; x_wconf 91' lang='lat' dir='ltr'>tempore</span> <span class='ocrx_word' id='word_1_98' title='bbox 1323 1307 1365 1370; x_wconf 87' lang='lat' dir='ltr'>ad</span> <span class='ocrx_word' id='word_1_99' title='bbox 1379 1325 1438 1371; x_wconf 95' lang='lat' dir='ltr'>nos</span> <span class='ocrx_word' id='word_1_100' title='bbox 1454 1325 1533 1387; x_wconf 91' lang='lat' dir='ltr'>per·</span> <span class='ocrx_word' id='word_1_101' title='bbox 1613 1385 1615 1390; x_wconf 67' lang='lat'>,</span> 
     </span>
     <span class='ocr_line' id='line_1_13' title="bbox 304 1391 1464 1473; baseline 0.002 -20"><span class='ocrx_word' id='word_1_102' title='bbox 304 1396 468 1471; x_wconf 90' lang='lat' dir='ltr'>venerunt,</span> <span class='ocrx_word' id='word_1_103' title='bbox 484 1391 612 1455; x_wconf 91' lang='lat' dir='ltr'>minime</span> <span class='ocrx_word' id='word_1_104' title='bbox 626 1392 766 1471; x_wconf 91' lang='lat' dir='ltr'>produnt</span> <span class='ocrx_word' id='word_1_105' title='bbox 780 1396 903 1456; x_wconf 90' lang='lat' dir='ltr'>textum</span> <span class='ocrx_word' id='word_1_106' title='bbox 915 1393 1008 1473; x_wconf 83' lang='lat' dir='ltr'>juxta</span> <span class='ocrx_word' id='word_1_107' title='bbox 1023 1397 1128 1456; x_wconf 89' lang='lat' dir='ltr'>certas</span> <span class='ocrx_word' id='word_1_108' title='bbox 1144 1392 1271 1473; x_wconf 90' lang='lat' dir='ltr'>regulas</span> <span class='ocrx_word' id='word_1_109' title='bbox 1286 1410 1464 1456; x_wconf 90' lang='lat' dir='ltr'>recensum.</span> 
     </span>
    </p>

    <p class='ocr_par' dir='ltr' id='par_1_3' title="bbox 303 1475 1534 1986">
     <span class='ocr_line' id='line_1_14' title="bbox 386 1475 1534 1562; baseline 0.002 -23"><span class='ocrx_word' id='word_1_110' title='bbox 386 1476 451 1540; x_wconf 88' lang='lat' dir='ltr'>Alii</span> <span class='ocrx_word' id='word_1_111' title='bbox 466 1477 562 1541; x_wconf 90' lang='lat' dir='ltr'>etiarn</span> <span class='ocrx_word' id='word_1_112' title='bbox 580 1475 712 1562; x_wconf 76' lang='lat' dir='ltr'>Ora&#39;qenr‘</span> <span class='ocrx_word' id='word_1_113' title='bbox 728 1477 824 1541; x_wconf 90' lang='lat' dir='ltr'>talem</span> <span class='ocrx_word' id='word_1_114' title='bbox 839 1476 878 1540; x_wconf 90' lang='lat' dir='ltr'>N.</span> <span class='ocrx_word' id='word_1_115' title='bbox 894 1477 928 1540; x_wconf 88' lang='lat' dir='ltr'>T.</span> <span class='ocrx_word' id='word_1_116' title='bbox 945 1477 1159 1542; x_wconf 89' lang='lat' dir='ltr'>recensionem</span> <span class='ocrx_word' id='word_1_117' title='bbox 1179 1477 1379 1557; x_wconf 88' lang='lat' dir='ltr'>adscribunt,</span> <span class='ocrx_word' id='word_1_118' title='bbox 1403 1478 1484 1558; x_wconf 89' lang='lat' dir='ltr'>quia</span> <span class='ocrx_word' id='word_1_119' title='bbox 1509 1495 1534 1541; x_wconf 81' lang='lat' dir='ltr'>s,</span> 
     </span>
     <span class='ocr_line' id='line_1_15' title="bbox 303 1561 1532 1644; baseline 0 -18"><span class='ocrx_word' id='word_1_120' title='bbox 303 1561 516 1643; x_wconf 87' lang='lat' dir='ltr'>Hieronymus</span> <span class='ocrx_word' id='word_1_121' title='bbox 537 1579 760 1642; x_wconf 89' lang='lat' dir='ltr'>nonnunquam</span> <span class='ocrx_word' id='word_1_122' title='bbox 782 1563 823 1626; x_wconf 93' lang='lat' dir='ltr'>ad</span> <span class='ocrx_word' id='word_1_123' title='bbox 844 1563 1035 1644; x_wconf 91' lang='lat' dir='ltr'>exemplaria</span> <span class='ocrx_word' id='word_1_124' title='bbox 1049 1563 1233 1627; x_wconf 85' lang='lat' dir='ltr'>Adamantii</span> <span class='ocrx_word' id='word_1_125' title='bbox 1252 1569 1285 1627; x_wconf 91' lang='lat' dir='ltr'>et</span> <span class='ocrx_word' id='word_1_126' title='bbox 1300 1563 1411 1643; x_wconf 89' lang='lat' dir='ltr'>Pierii,</span> <span class='ocrx_word' id='word_1_127' title='bbox 1436 1581 1532 1644; x_wconf 91' lang='lat' dir='ltr'>pres-</span> 
     </span>
     <span class='ocr_line' id='line_1_16' title="bbox 303 1647 1534 1730; baseline 0.001 -19"><span class='ocrx_word' id='word_1_128' title='bbox 303 1648 408 1728; x_wconf 89' lang='lat' dir='ltr'>byteri</span> <span class='ocrx_word' id='word_1_129' title='bbox 416 1647 504 1712; x_wconf 93' lang='lat' dir='ltr'>Alex.</span> <span class='ocrx_word' id='word_1_130' title='bbox 519 1647 668 1728; x_wconf 91' lang='lat' dir='ltr'>illiusque</span> <span class='ocrx_word' id='word_1_131' title='bbox 683 1647 830 1730; x_wconf 91' lang='lat' dir='ltr'>discipuli</span> <span class='ocrx_word' id='word_1_132' title='bbox 844 1653 1030 1728; x_wconf 84' lang='lat' dir='ltr'>provocat;1</span> <span class='ocrx_word' id='word_1_133' title='bbox 1046 1649 1121 1728; x_wconf 91' lang='lat' dir='ltr'>quia</span> <span class='ocrx_word' id='word_1_134' title='bbox 1136 1647 1256 1712; x_wconf 89' lang='lat' dir='ltr'>scholia</span> <span class='ocrx_word' id='word_1_135' title='bbox 1271 1649 1429 1728; x_wconf 90' lang='lat' dir='ltr'>quaedam</span> <span class='ocrx_word' id='word_1_136' title='bbox 1445 1649 1534 1712; x_wconf 89' lang='lat' dir='ltr'>anti-</span> 
     </span>
     <span class='ocr_line' id='line_1_17' title="bbox 304 1730 1533 1818; baseline 0.002 -23"><span class='ocrx_word' id='word_1_137' title='bbox 304 1751 369 1813; x_wconf 92' lang='lat' dir='ltr'>qua</span> <span class='ocrx_word' id='word_1_138' title='bbox 383 1734 593 1800; x_wconf 78' lang='grc' dir='ltr'><strong><em>παλαιστινόν</em></strong></span> <span class='ocrx_word' id='word_1_139' title='bbox 607 1730 792 1818; x_wconf 75' lang='grc' dir='ltr'><em>εὐαγγέλιον</em></span> <span class='ocrx_word' id='word_1_140' title='bbox 808 1739 1067 1813; x_wconf 89' lang='lat' dir='ltr'>commemorant,</span> <span class='ocrx_word' id='word_1_141' title='bbox 1090 1734 1175 1814; x_wconf 94' lang='lat' dir='ltr'>quod</span> <span class='ocrx_word' id='word_1_142' title='bbox 1192 1733 1339 1814; x_wconf 81' lang='lat' dir='ltr'>Origcnis</span> <span class='ocrx_word' id='word_1_143' title='bbox 1362 1752 1436 1798; x_wconf 87' lang='lat' dir='ltr'>esse</span> <span class='ocrx_word' id='word_1_144' title='bbox 1455 1753 1533 1798; x_wconf 91' lang='lat' dir='ltr'>cen·</span> 
     </span>
     <span class='ocr_line' id='line_1_18' title="bbox 303 1818 1534 1900; baseline 0.001 -18"><span class='ocrx_word' id='word_1_145' title='bbox 303 1824 383 1898; x_wconf 88' lang='lat' dir='ltr'>sent,</span> <span class='ocrx_word' id='word_1_146' title='bbox 400 1825 433 1883; x_wconf 93' lang='lat' dir='ltr'>et</span> <span class='ocrx_word' id='word_1_147' title='bbox 448 1819 524 1899; x_wconf 91' lang='lat' dir='ltr'>quia</span> <span class='ocrx_word' id='word_1_148' title='bbox 540 1819 644 1883; x_wconf 93' lang='lat' dir='ltr'>versio</span> <span class='ocrx_word' id='word_1_149' title='bbox 655 1818 882 1884; x_wconf 88' lang='lat' dir='ltr'>Philoxeniana</span> <span class='ocrx_word' id='word_1_150' title='bbox 898 1819 1038 1883; x_wconf 89' lang='lat' dir='ltr'>continet</span> <span class='ocrx_word' id='word_1_151' title='bbox 1048 1819 1157 1883; x_wconf 88' lang='lat' dir='ltr'>obelos</span> <span class='ocrx_word' id='word_1_152' title='bbox 1169 1825 1202 1883; x_wconf 90' lang='lat' dir='ltr'>et</span> <span class='ocrx_word' id='word_1_153' title='bbox 1213 1818 1384 1883; x_wconf 87' lang='lat' dir='ltr'>asteriscos</span> <span class='ocrx_word' id='word_1_154' title='bbox 1396 1819 1534 1900; x_wconf 90' lang='lat' dir='ltr'>Origeni</span> 
     </span>
     <span class='ocr_line' id='line_1_19' title="bbox 305 1899 1297 1986; baseline 0 -19"><span class='ocrx_word' id='word_1_155' title='bbox 305 1905 461 1984; x_wconf 89' lang='lat' dir='ltr'>proprios,</span> <span class='ocrx_word' id='word_1_156' title='bbox 478 1909 511 1968; x_wconf 91' lang='grc'>61</span> <span class='ocrx_word' id='word_1_157' title='bbox 526 1923 564 1968; x_wconf 94' lang='lat' dir='ltr'>cx</span> <span class='ocrx_word' id='word_1_158' title='bbox 579 1905 721 1986; x_wconf 86' lang='lat' dir='ltr'>ejusdem</span> <span class='ocrx_word' id='word_1_159' title='bbox 737 1905 957 1969; x_wconf 87' lang='lat' dir='ltr'>emendatione</span> <span class='ocrx_word' id='word_1_160' title='bbox 972 1904 1010 1967; x_wconf 91' lang='lat' dir='ltr'>N.</span> <span class='ocrx_word' id='word_1_161' title='bbox 1027 1904 1061 1967; x_wconf 89' lang='lat' dir='ltr'>T.</span> <span class='ocrx_word' id='word_1_162' title='bbox 1078 1899 1297 1968; x_wconf 70' lang='grc'>1161116111166.1</span> 
     </span>
    </p>
   </div>
   <div class='ocr_carea' id='block_1_3' title="bbox 295 1989 1534 2586">
    <p class='ocr_par' dir='ltr' id='par_1_4' title="bbox 295 1989 1534 2586">
     <span class='ocr_line' id='line_1_20' title="bbox 389 1989 1533 2071; baseline 0.001 -18"><span class='ocrx_word' id='word_1_163' title='bbox 389 1990 540 2054; x_wconf 83' lang='lat' dir='ltr'>Attamen</span> <span class='ocrx_word' id='word_1_164' title='bbox 566 1991 606 2054; x_wconf 92' lang='lat' dir='ltr'>ab</span> <span class='ocrx_word' id='word_1_165' title='bbox 623 1991 760 2071; x_wconf 87' lang='lat' dir='ltr'>Origene</span> <span class='ocrx_word' id='word_1_166' title='bbox 786 1990 942 2071; x_wconf 85' lang='lat' dir='ltr'>ejusmodi</span> <span class='ocrx_word' id='word_1_167' title='bbox 969 1990 1221 2054; x_wconf 88' lang='lat' dir='ltr'>emendationem</span> <span class='ocrx_word' id='word_1_168' title='bbox 1244 1989 1282 2052; x_wconf 86' lang='lat' dir='ltr'>N.</span> <span class='ocrx_word' id='word_1_169' title='bbox 1304 1989 1337 2052; x_wconf 92' lang='lat' dir='ltr'>T.</span> <span class='ocrx_word' id='word_1_170' title='bbox 1363 2009 1427 2054; x_wconf 94' lang='lat' dir='ltr'>non</span> <span class='ocrx_word' id='word_1_171' title='bbox 1456 2009 1533 2054; x_wconf 91' lang='lat' dir='ltr'>esse</span> 
     </span>
     <span class='ocr_line' id='line_1_21' title="bbox 303 2073 1531 2157; baseline 0.001 -19"><span class='ocrx_word' id='word_1_172' title='bbox 303 2073 434 2154; x_wconf 89' lang='lat' dir='ltr'>factam,</span> <span class='ocrx_word' id='word_1_173' title='bbox 453 2076 621 2155; x_wconf 88' lang='lat' dir='ltr'>sequentia</span> <span class='ocrx_word' id='word_1_174' title='bbox 635 2075 787 2156; x_wconf 91' lang='lat' dir='ltr'>probant:</span> <span class='ocrx_word' id='word_1_175' title='bbox 811 2076 844 2157; x_wconf 85' lang='lat' dir='ltr'>a)</span> <span class='ocrx_word' id='word_1_176' title='bbox 861 2076 897 2138; x_wconf 94' lang='lat' dir='ltr'>In</span> <span class='ocrx_word' id='word_1_177' title='bbox 911 2075 989 2139; x_wconf 87' lang='lat' dir='ltr'>loeis</span> <span class='ocrx_word' id='word_1_178' title='bbox 1003 2075 1118 2139; x_wconf 91' lang='lat' dir='ltr'>iisdem</span> <span class='ocrx_word' id='word_1_179' title='bbox 1132 2075 1170 2138; x_wconf 91' lang='lat' dir='ltr'>N.</span> <span class='ocrx_word' id='word_1_180' title='bbox 1187 2075 1221 2138; x_wconf 95' lang='lat' dir='ltr'>T.</span> <span class='ocrx_word' id='word_1_181' title='bbox 1238 2075 1278 2138; x_wconf 91' lang='lat' dir='ltr'>ab</span> <span class='ocrx_word' id='word_1_182' title='bbox 1295 2075 1433 2156; x_wconf 88' lang='lat' dir='ltr'>Origene</span> <span class='ocrx_word' id='word_1_183' title='bbox 1457 2093 1531 2139; x_wconf 91' lang='lat' dir='ltr'>sae-</span> 
     </span>
     <span class='ocr_line' id='line_1_22' title="bbox 303 2160 1533 2242; baseline 0 -19"><span class='ocrx_word' id='word_1_184' title='bbox 303 2161 376 2241; x_wconf 94' lang='lat' dir='ltr'>pius</span> <span class='ocrx_word' id='word_1_185' title='bbox 392 2160 499 2224; x_wconf 85' lang='lat' dir='ltr'>citatis</span> <span class='ocrx_word' id='word_1_186' title='bbox 514 2179 629 2242; x_wconf 90' lang='lat' dir='ltr'>magna</span> <span class='ocrx_word' id='word_1_187' title='bbox 651 2161 789 2225; x_wconf 88' lang='lat' dir='ltr'>occurrit</span> <span class='ocrx_word' id='word_1_188' title='bbox 809 2160 1037 2240; x_wconf 85' lang='lat' dir='ltr'>discrepantia3</span> <span class='ocrx_word' id='word_1_189' title='bbox 1059 2162 1091 2242; x_wconf 86' lang='lat' dir='ltr'>b)</span> <span class='ocrx_word' id='word_1_190' title='bbox 1114 2161 1146 2224; x_wconf 93' lang='lat' dir='ltr'>in</span> <span class='ocrx_word' id='word_1_191' title='bbox 1166 2161 1393 2224; x_wconf 90' lang='lat' dir='ltr'>commentario</span> <span class='ocrx_word' id='word_1_192' title='bbox 1414 2177 1478 2224; x_wconf 92' lang='lat' dir='ltr'>suo</span> <span class='ocrx_word' id='word_1_193' title='bbox 1500 2161 1533 2223; x_wconf 92' lang='lat' dir='ltr'>in</span> 
     </span>
     <span class='ocr_line' id='line_1_23' title="bbox 304 2245 1534 2327; baseline -0.001 -18"><span class='ocrx_word' id='word_1_194' title='bbox 304 2246 504 2310; x_wconf 90' lang='lat' dir='ltr'>Matthaeum</span> <span class='ocrx_word' id='word_1_195' title='bbox 515 2246 618 2309; x_wconf 92' lang='lat' dir='ltr'>serius</span> <span class='ocrx_word' id='word_1_196' title='bbox 630 2245 815 2310; x_wconf 87' lang='lat' dir='ltr'>elucubrate</span> <span class='ocrx_word' id='word_1_197' title='bbox 828 2247 868 2308; x_wconf 92' lang='lat' dir='ltr'>de</span> <span class='ocrx_word' id='word_1_198' title='bbox 881 2245 1107 2327; x_wconf 83' lang='lat' dir='ltr'>exemplarium</span> <span class='ocrx_word' id='word_1_199' title='bbox 1119 2246 1372 2327; x_wconf 89' lang='lat' dir='ltr'>evangelicorum</span> <span class='ocrx_word' id='word_1_200' title='bbox 1380 2245 1534 2310; x_wconf 89' lang='lat' dir='ltr'>dissensu</span> 
     </span>
     <span class='ocr_line' id='line_1_24' title="bbox 306 2331 1533 2411; baseline 0 -17"><span class='ocrx_word' id='word_1_201' title='bbox 306 2331 525 2411; x_wconf 86' lang='lat' dir='ltr'>conqueritur,</span> <span class='ocrx_word' id='word_1_202' title='bbox 549 2336 673 2395; x_wconf 88' lang='lat' dir='ltr'>etcum</span> <span class='ocrx_word' id='word_1_203' title='bbox 695 2331 809 2396; x_wconf 90' lang='lat' dir='ltr'>merita</span> <span class='ocrx_word' id='word_1_204' title='bbox 828 2349 887 2394; x_wconf 91' lang='lat' dir='ltr'>sua</span> <span class='ocrx_word' id='word_1_205' title='bbox 907 2331 948 2395; x_wconf 91' lang='lat' dir='ltr'>de</span> <span class='ocrx_word' id='word_1_206' title='bbox 967 2331 1111 2396; x_wconf 90' lang='lat' dir='ltr'>versione</span> <span class='ocrx_word' id='word_1_207' title='bbox 1131 2332 1217 2411; x_wconf 86' lang='lat' dir='ltr'>Sept.</span> <span class='ocrx_word' id='word_1_208' title='bbox 1239 2336 1533 2410; x_wconf 87' lang='lat' dir='ltr'>commemorasset,</span> 
     </span>
     <span class='ocr_line' id='line_1_25' title="bbox 306 2415 1534 2500; baseline -0.001 -21"><span class='ocrx_word' id='word_1_209' title='bbox 306 2416 426 2481; x_wconf 80' lang='lat' dir='ltr'>diserte</span> <span class='ocrx_word' id='word_1_210' title='bbox 449 2416 544 2480; x_wconf 87' lang='lat' dir='ltr'>dicit:</span> <span class='ocrx_word' id='word_1_211' title='bbox 574 2415 636 2498; x_wconf 84' lang='lat' dir='ltr'>„Ia</span> <span class='ocrx_word' id='word_1_212' title='bbox 657 2415 887 2500; x_wconf 79' lang='lat' dir='ltr'>eaemplara’baa</span> <span class='ocrx_word' id='word_1_213' title='bbox 906 2427 1007 2478; x_wconf 81' lang='lat' dir='ltr'>autem</span> <span class='ocrx_word' id='word_1_214' title='bbox 1027 2417 1069 2477; x_wconf 94' lang='lat' dir='ltr'>N.</span> <span class='ocrx_word' id='word_1_215' title='bbox 1094 2416 1130 2479; x_wconf 84' lang='grc' dir='ltr'>Τ.</span> <span class='ocrx_word' id='word_1_216' title='bbox 1154 2417 1210 2479; x_wconf 79' lang='lat' dir='ltr'>doc</span> <span class='ocrx_word' id='word_1_217' title='bbox 1236 2418 1341 2500; x_wconf 60' lang='grc'><strong>11161616</strong></span> <span class='ocrx_word' id='word_1_218' title='bbox 1366 2439 1413 2478; x_wconf 84' lang='lat' dir='ltr'>me</span> <span class='ocrx_word' id='word_1_219' title='bbox 1434 2439 1534 2499; x_wconf 83' lang='lat' dir='ltr'>posse</span> 
     </span>
     <span class='ocr_line' id='line_1_26' title="bbox 295 2499 1533 2586; baseline 0.002 -23"><span class='ocrx_word' id='word_1_220' title='bbox 295 2503 411 2585; x_wconf 75' lang='lat' dir='ltr'>j&#39;oeere</span> <span class='ocrx_word' id='word_1_221' title='bbox 425 2503 492 2564; x_wconf 78' lang='lat' dir='ltr'>aine</span> <span class='ocrx_word' id='word_1_222' title='bbox 502 2501 645 2586; x_wconf 77' lang='lat' dir='ltr'>periculo</span> <span class='ocrx_word' id='word_1_223' title='bbox 660 2523 721 2563; x_wconf 81' lang='lat' dir='ltr'>noa</span> <span class='ocrx_word' id='word_1_224' title='bbox 729 2500 880 2586; x_wconf 75' lang='lat' dir='ltr'>putavt&#39;,·“</span> <span class='ocrx_word' id='word_1_225' title='bbox 903 2502 932 2583; x_wconf 91' lang='grc'>6)</span> <span class='ocrx_word' id='word_1_226' title='bbox 949 2501 1119 2583; x_wconf 86' lang='lat' dir='ltr'>origenem</span> <span class='ocrx_word' id='word_1_227' title='bbox 1132 2520 1237 2582; x_wconf 84' lang='lat' dir='ltr'>neque</span> <span class='ocrx_word' id='word_1_228' title='bbox 1254 2501 1313 2566; x_wconf 87' lang='lat' dir='ltr'>sub</span> <span class='ocrx_word' id='word_1_229' title='bbox 1330 2499 1425 2565; x_wconf 82' lang='lat' dir='ltr'>finem</span> <span class='ocrx_word' id='word_1_230' title='bbox 1441 2501 1533 2565; x_wconf 83' lang='lat' dir='ltr'>vitae</span> 
     </span>
    </p>
   </div>
   <div class='ocr_carea' id='block_1_4' title="bbox 305 2586 1535 3764">
    <p class='ocr_par' dir='ltr' id='par_1_5' title="bbox 305 2586 1535 3678">
     <span class='ocr_line' id='line_1_27' title="bbox 306 2586 1534 2667; baseline -0.001 -16"><span class='ocrx_word' id='word_1_231' title='bbox 306 2605 383 2651; x_wconf 90' lang='lat' dir='ltr'>suae</span> <span class='ocrx_word' id='word_1_232' title='bbox 397 2586 436 2650; x_wconf 89' lang='lat' dir='ltr'>N.</span> <span class='ocrx_word' id='word_1_233' title='bbox 453 2586 487 2650; x_wconf 90' lang='lat' dir='ltr'>T.</span> <span class='ocrx_word' id='word_1_234' title='bbox 503 2586 719 2651; x_wconf 89' lang='lat' dir='ltr'>recensionem</span> <span class='ocrx_word' id='word_1_235' title='bbox 734 2586 922 2666; x_wconf 89' lang='lat' dir='ltr'>suscepisse,</span> <span class='ocrx_word' id='word_1_236' title='bbox 938 2586 1097 2652; x_wconf 86' lang='lat' dir='ltr'>Eusebius</span> <span class='ocrx_word' id='word_1_237' title='bbox 1113 2588 1221 2666; x_wconf 86' lang='lat' dir='ltr'>docet,</span> <span class='ocrx_word' id='word_1_238' title='bbox 1236 2592 1350 2667; x_wconf 91' lang='lat' dir='ltr'>utpote</span> <span class='ocrx_word' id='word_1_239' title='bbox 1365 2587 1434 2667; x_wconf 89' lang='lat' dir='ltr'>qui,</span> <span class='ocrx_word' id='word_1_240' title='bbox 1452 2587 1534 2650; x_wconf 91' lang='lat' dir='ltr'>dum</span> 
     </span>
     <span class='ocr_line' id='line_1_28' title="bbox 305 2671 1533 2754; baseline 0.001 -19"><span class='ocrx_word' id='word_1_241' title='bbox 305 2671 421 2736; x_wconf 90' lang='lat' dir='ltr'>merita</span> <span class='ocrx_word' id='word_1_242' title='bbox 440 2672 587 2753; x_wconf 88' lang='lat' dir='ltr'>Origcnis</span> <span class='ocrx_word' id='word_1_243' title='bbox 610 2673 650 2736; x_wconf 91' lang='lat' dir='ltr'>de</span> <span class='ocrx_word' id='word_1_244' title='bbox 672 2671 817 2737; x_wconf 89' lang='lat' dir='ltr'>versione</span> <span class='ocrx_word' id='word_1_245' title='bbox 839 2672 926 2752; x_wconf 85' lang='lat' dir='ltr'>Sept.</span> <span class='ocrx_word' id='word_1_246' title='bbox 950 2672 1073 2754; x_wconf 89' lang='lat' dir='ltr'>magnis</span> <span class='ocrx_word' id='word_1_247' title='bbox 1098 2672 1246 2737; x_wconf 90' lang='lat' dir='ltr'>laudibus</span> <span class='ocrx_word' id='word_1_248' title='bbox 1273 2672 1413 2737; x_wconf 91' lang='lat' dir='ltr'>celebrat</span> <span class='ocrx_word' id='word_1_249' title='bbox 1439 2671 1533 2751; x_wconf 86' lang='lat' dir='ltr'>(hist.</span> 
     </span>
     <span class='ocr_line' id='line_1_29' title="bbox 305 2757 1535 2844; baseline 0 -23"><span class='ocrx_word' id='word_1_250' title='bbox 305 2757 379 2822; x_wconf 91' lang='grc'><strong>6661.</strong></span> <span class='ocrx_word' id='word_1_251' title='bbox 395 2757 448 2821; x_wconf 90' lang='lat' dir='ltr'>Vl.</span> <span class='ocrx_word' id='word_1_252' title='bbox 466 2758 539 2839; x_wconf 75' lang='lat' dir='ltr'>ld),</span> <span class='ocrx_word' id='word_1_253' title='bbox 555 2759 596 2822; x_wconf 92' lang='lat' dir='ltr'>de</span> <span class='ocrx_word' id='word_1_254' title='bbox 611 2757 705 2821; x_wconf 94' lang='lat' dir='ltr'>simili</span> <span class='ocrx_word' id='word_1_255' title='bbox 721 2757 789 2838; x_wconf 91' lang='lat' dir='ltr'>ejus</span> <span class='ocrx_word' id='word_1_256' title='bbox 803 2757 913 2822; x_wconf 90' lang='lat' dir='ltr'>labore</span> <span class='ocrx_word' id='word_1_257' title='bbox 927 2763 1075 2838; x_wconf 88' lang='lat' dir='ltr'>respectu</span> <span class='ocrx_word' id='word_1_258' title='bbox 1089 2758 1128 2822; x_wconf 93' lang='lat' dir='ltr'>N.</span> <span class='ocrx_word' id='word_1_259' title='bbox 1144 2758 1179 2821; x_wconf 90' lang='lat' dir='ltr'>T.</span> <span class='ocrx_word' id='word_1_260' title='bbox 1195 2777 1236 2822; x_wconf 90' lang='lat' dir='ltr'>ne</span> <span class='ocrx_word' id='word_1_261' title='bbox 1250 2758 1442 2844; x_wconf 86' lang='lat' dir='ltr'>mentionem</span> <span class='ocrx_word' id='word_1_262' title='bbox 1458 2759 1535 2838; x_wconf 89' lang='lat' dir='ltr'>qui-</span> 
     </span>
     <span class='ocr_line' id='line_1_30' title="bbox 305 2840 1533 2924; baseline 0 -16"><span class='ocrx_word' id='word_1_263' title='bbox 305 2845 378 2908; x_wconf 88' lang='lat' dir='ltr'>dem</span> <span class='ocrx_word' id='word_1_264' title='bbox 397 2843 489 2923; x_wconf 88' lang='lat' dir='ltr'>facit,</span> <span class='ocrx_word' id='word_1_265' title='bbox 512 2843 575 2908; x_wconf 92' lang='lat' dir='ltr'>imo</span> <span class='ocrx_word' id='word_1_266' title='bbox 590 2843 623 2907; x_wconf 93' lang='lat' dir='ltr'>in</span> <span class='ocrx_word' id='word_1_267' title='bbox 638 2843 704 2907; x_wconf 90' lang='lat' dir='ltr'>suis</span> <span class='ocrx_word' id='word_1_268' title='bbox 719 2843 820 2924; x_wconf 91' lang='lat' dir='ltr'>ipsius</span> <span class='ocrx_word' id='word_1_269' title='bbox 836 2843 942 2907; x_wconf 90' lang='lat' dir='ltr'>citatis</span> <span class='ocrx_word' id='word_1_270' title='bbox 958 2845 1141 2909; x_wconf 89' lang='lat' dir='ltr'>eorumdem</span> <span class='ocrx_word' id='word_1_271' title='bbox 1156 2843 1194 2907; x_wconf 89' lang='lat' dir='ltr'>N.</span> <span class='ocrx_word' id='word_1_272' title='bbox 1211 2843 1246 2906; x_wconf 92' lang='lat' dir='ltr'>T.</span> <span class='ocrx_word' id='word_1_273' title='bbox 1261 2840 1402 2908; x_wconf 89' lang='lat' dir='ltr'>locorulh</span> <span class='ocrx_word' id='word_1_274' title='bbox 1418 2843 1533 2908; x_wconf 89' lang='lat' dir='ltr'>admo-</span> 
     </span>
     <span class='ocr_line' id='line_1_31' title="bbox 305 2928 1532 3010; baseline 0 -18"><span class='ocrx_word' id='word_1_275' title='bbox 305 2930 382 2993; x_wconf 89' lang='lat' dir='ltr'>dum</span> <span class='ocrx_word' id='word_1_276' title='bbox 402 2930 521 3009; x_wconf 90' lang='lat' dir='ltr'>variat,</span> <span class='ocrx_word' id='word_1_277' title='bbox 548 2929 647 3010; x_wconf 87' lang='lat' dir='ltr'>quod,</span> <span class='ocrx_word' id='word_1_278' title='bbox 675 2930 703 2993; x_wconf 92' lang='lat' dir='ltr'>si</span> <span class='ocrx_word' id='word_1_279' title='bbox 718 2929 866 3010; x_wconf 89' lang='lat' dir='ltr'>Origenis</span> <span class='ocrx_word' id='word_1_280' title='bbox 886 2930 1028 2993; x_wconf 87' lang='lat' dir='ltr'>recensio</span> <span class='ocrx_word' id='word_1_281' title='bbox 1045 2931 1073 2994; x_wconf 90' lang='lat' dir='ltr'>ei</span> <span class='ocrx_word' id='word_1_282' title='bbox 1096 2929 1211 2994; x_wconf 85' lang='lat' dir='ltr'>fuisset</span> <span class='ocrx_word' id='word_1_283' title='bbox 1232 2934 1324 3007; x_wconf 91' lang='lat' dir='ltr'>nota,</span> <span class='ocrx_word' id='word_1_284' title='bbox 1349 2929 1400 2992; x_wconf 91' lang='lat' dir='ltr'>vix</span> <span class='ocrx_word' id='word_1_285' title='bbox 1421 2928 1532 2992; x_wconf 92' lang='lat' dir='ltr'>locum</span> 
     </span>
     <span class='ocr_line' id='line_1_32' title="bbox 305 3014 1532 3095; baseline -0.001 -16"><span class='ocrx_word' id='word_1_286' title='bbox 305 3015 448 3079; x_wconf 90' lang='lat' dir='ltr'>haberet.</span> <span class='ocrx_word' id='word_1_287' title='bbox 473 3015 579 3092; x_wconf 82' lang='lat' dir='ltr'>Quare</span> <span class='ocrx_word' id='word_1_288' title='bbox 593 3034 652 3095; x_wconf 91' lang='lat' dir='ltr'>per</span> <span class='ocrx_word' id='word_1_289' title='bbox 667 3014 867 3095; x_wconf 89' lang='lat' dir='ltr'>exemplaria,</span> <span class='ocrx_word' id='word_1_290' title='bbox 886 3034 968 3095; x_wconf 92' lang='lat' dir='ltr'>quae</span> <span class='ocrx_word' id='word_1_291' title='bbox 984 3033 1008 3078; x_wconf 90' lang='lat' dir='ltr'>s.</span> <span class='ocrx_word' id='word_1_292' title='bbox 1024 3015 1237 3095; x_wconf 90' lang='lat' dir='ltr'>Hieronymus</span> <span class='ocrx_word' id='word_1_293' title='bbox 1252 3014 1329 3078; x_wconf 91' lang='lat' dir='ltr'>dicit</span> <span class='ocrx_word' id='word_1_294' title='bbox 1343 3014 1532 3078; x_wconf 85' lang='lat' dir='ltr'>Adamantii</span> 
     </span>
     <span class='ocr_line' id='line_1_33' title="bbox 306 3099 1532 3182; baseline -0.002 -18"><span class='ocrx_word' id='word_1_295' title='bbox 306 3109 338 3165; x_wconf 95' lang='lat' dir='ltr'>et</span> <span class='ocrx_word' id='word_1_296' title='bbox 353 3099 463 3180; x_wconf 92' lang='lat' dir='ltr'>Pierii,</span> <span class='ocrx_word' id='word_1_297' title='bbox 489 3100 695 3182; x_wconf 90' lang='lat' dir='ltr'>intelligenda</span> <span class='ocrx_word' id='word_1_298' title='bbox 715 3108 790 3164; x_wconf 94' lang='lat' dir='ltr'>sunt</span> <span class='ocrx_word' id='word_1_299' title='bbox 808 3099 879 3178; x_wconf 87' lang='lat' dir='ltr'>illa,</span> <span class='ocrx_word' id='word_1_300' title='bbox 906 3100 1021 3180; x_wconf 92' lang='lat' dir='ltr'>quibus</span> <span class='ocrx_word' id='word_1_301' title='bbox 1037 3101 1191 3181; x_wconf 89' lang='lat' dir='ltr'>Origenes</span> <span class='ocrx_word' id='word_1_302' title='bbox 1212 3106 1245 3164; x_wconf 93' lang='lat' dir='ltr'>et</span> <span class='ocrx_word' id='word_1_303' title='bbox 1264 3099 1333 3179; x_wconf 90' lang='lat' dir='ltr'>ejus</span> <span class='ocrx_word' id='word_1_304' title='bbox 1352 3099 1532 3179; x_wconf 91' lang='lat' dir='ltr'>discipulus</span> 
     </span>
     <span class='ocr_line' id='line_1_34' title="bbox 305 3185 1531 3266; baseline -0.001 -17"><span class='ocrx_word' id='word_1_305' title='bbox 305 3187 356 3250; x_wconf 92' lang='lat' dir='ltr'>usi</span> <span class='ocrx_word' id='word_1_306' title='bbox 371 3192 461 3250; x_wconf 91' lang='lat' dir='ltr'>erant</span> <span class='ocrx_word' id='word_1_307' title='bbox 477 3190 510 3250; x_wconf 91' lang='grc'>61</span> <span class='ocrx_word' id='word_1_308' title='bbox 525 3205 607 3266; x_wconf 91' lang='lat' dir='ltr'>quae</span> <span class='ocrx_word' id='word_1_309' title='bbox 621 3186 672 3249; x_wconf 93' lang='lat' dir='ltr'>hic</span> <span class='ocrx_word' id='word_1_310' title='bbox 683 3185 728 3249; x_wconf 93' lang='lat' dir='ltr'>ibi</span> <span class='ocrx_word' id='word_1_311' title='bbox 741 3191 951 3249; x_wconf 89' lang='lat' dir='ltr'>correxerant.</span> <span class='ocrx_word' id='word_1_312' title='bbox 974 3185 1042 3249; x_wconf 92' lang='lat' dir='ltr'>Hos</span> <span class='ocrx_word' id='word_1_313' title='bbox 1054 3186 1178 3249; x_wconf 90' lang='lat' dir='ltr'>codices</span> <span class='ocrx_word' id='word_1_314' title='bbox 1190 3191 1338 3249; x_wconf 87' lang='lat' dir='ltr'>accurate</span> <span class='ocrx_word' id='word_1_315' title='bbox 1349 3185 1531 3264; x_wconf 91' lang='lat' dir='ltr'>descriptos</span> 
     </span>
     <span class='ocr_line' id='line_1_35' title="bbox 305 3270 1530 3352; baseline -0.001 -16"><span class='ocrx_word' id='word_1_316' title='bbox 305 3271 416 3352; x_wconf 90' lang='lat' dir='ltr'>procul</span> <span class='ocrx_word' id='word_1_317' title='bbox 430 3271 527 3335; x_wconf 89' lang='lat' dir='ltr'>dubio</span> <span class='ocrx_word' id='word_1_318' title='bbox 539 3270 724 3350; x_wconf 90' lang='lat' dir='ltr'>Pamphilus</span> <span class='ocrx_word' id='word_1_319' title='bbox 739 3271 772 3333; x_wconf 94' lang='lat' dir='ltr'>in</span> <span class='ocrx_word' id='word_1_320' title='bbox 786 3270 978 3334; x_wconf 91' lang='lat' dir='ltr'>bibliotheca</span> <span class='ocrx_word' id='word_1_321' title='bbox 990 3271 1197 3335; x_wconf 83' lang='lat' dir='ltr'>Caesareensi</span> <span class='ocrx_word' id='word_1_322' title='bbox 1211 3290 1231 3335; x_wconf 90' lang='lat' dir='ltr'>a</span> <span class='ocrx_word' id='word_1_323' title='bbox 1244 3289 1278 3334; x_wconf 92' lang='lat' dir='ltr'>se</span> <span class='ocrx_word' id='word_1_324' title='bbox 1290 3270 1423 3334; x_wconf 82' lang='lat' dir='ltr'>fundata</span> <span class='ocrx_word' id='word_1_325' title='bbox 1434 3289 1530 3350; x_wconf 91' lang='lat' dir='ltr'>repo-</span> 
     </span>
     <span class='ocr_line' id='line_1_36' title="bbox 306 3353 1527 3438; baseline 0.002 -18"><span class='ocrx_word' id='word_1_326' title='bbox 306 3358 405 3437; x_wconf 83' lang='lat' dir='ltr'>suit,³</span> <span class='ocrx_word' id='word_1_327' title='bbox 420 3363 453 3422; x_wconf 92' lang='lat' dir='ltr'>et</span> <span class='ocrx_word' id='word_1_328' title='bbox 467 3357 654 3438; x_wconf 88' lang='lat' dir='ltr'>apographa</span> <span class='ocrx_word' id='word_1_329' title='bbox 667 3355 741 3419; x_wconf 92' lang='lat' dir='ltr'>inde</span> <span class='ocrx_word' id='word_1_330' title='bbox 756 3354 841 3418; x_wconf 88' lang='lat' dir='ltr'>facta</span> <span class='ocrx_word' id='word_1_331' title='bbox 856 3355 1062 3436; x_wconf 90' lang='lat' dir='ltr'>designarunt</span> <span class='ocrx_word' id='word_1_332' title='bbox 1076 3356 1155 3420; x_wconf 88' lang='lat' dir='ltr'>iNud</span> <span class='ocrx_word' id='word_1_333' title='bbox 1170 3355 1380 3421; x_wconf 78' lang='grc' dir='ltr'><strong><em>παλαιστινὸν</em></strong></span> <span class='ocrx_word' id='word_1_334' title='bbox 1394 3353 1527 3438; x_wconf 77' lang='grc' dir='ltr'><em>εὐαγγέ-</em></span> 
     </span>
     <span class='ocr_line' id='line_1_37' title="bbox 305 3440 1528 3522; baseline -0.001 -16"><span class='ocrx_word' id='word_1_335' title='bbox 305 3444 380 3509; x_wconf 83' lang='grc' dir='ltr'><strong><em>λιον.</em></strong></span> <span class='ocrx_word' id='word_1_336' title='bbox 424 3442 517 3519; x_wconf 83' lang='lat' dir='ltr'>Quod</span> <span class='ocrx_word' id='word_1_337' title='bbox 532 3442 669 3522; x_wconf 89' lang='lat' dir='ltr'>denique</span> <span class='ocrx_word' id='word_1_338' title='bbox 684 3441 830 3522; x_wconf 85' lang='lat' dir='ltr'>Origcnis</span> <span class='ocrx_word' id='word_1_339' title='bbox 846 3441 936 3522; x_wconf 90' lang='lat' dir='ltr'>signa</span> <span class='ocrx_word' id='word_1_340' title='bbox 952 3442 1061 3505; x_wconf 92' lang='lat' dir='ltr'>critica</span> <span class='ocrx_word' id='word_1_341' title='bbox 1076 3441 1192 3506; x_wconf 90' lang='lat' dir='ltr'>attinet</span> <span class='ocrx_word' id='word_1_342' title='bbox 1205 3441 1239 3503; x_wconf 92' lang='lat' dir='ltr'>in</span> <span class='ocrx_word' id='word_1_343' title='bbox 1259 3441 1404 3505; x_wconf 87' lang='lat' dir='ltr'>versione</span> <span class='ocrx_word' id='word_1_344' title='bbox 1419 3440 1528 3505; x_wconf 90' lang='lat' dir='ltr'>Philo·</span> 
     </span>
     <span class='ocr_line' id='line_1_38' title="bbox 305 3525 1527 3608; baseline -0.001 -18"><span class='ocrx_word' id='word_1_345' title='bbox 305 3528 439 3592; x_wconf 91' lang='lat' dir='ltr'>xeniana</span> <span class='ocrx_word' id='word_1_346' title='bbox 461 3528 569 3608; x_wconf 87' lang='lat' dir='ltr'>obvia,</span> <span class='ocrx_word' id='word_1_347' title='bbox 592 3546 612 3591; x_wconf 92' lang='lat' dir='ltr'>a</span> <span class='ocrx_word' id='word_1_348' title='bbox 633 3545 763 3592; x_wconf 91' lang='lat' dir='ltr'>versore</span> <span class='ocrx_word' id='word_1_349' title='bbox 785 3527 948 3590; x_wconf 88' lang='lat' dir='ltr'>commode</span> <span class='ocrx_word' id='word_1_350' title='bbox 967 3527 1070 3607; x_wconf 91' lang='lat' dir='ltr'>repeti</span> <span class='ocrx_word' id='word_1_351' title='bbox 1084 3532 1234 3607; x_wconf 89' lang='lat' dir='ltr'>poterant</span> <span class='ocrx_word' id='word_1_352' title='bbox 1249 3543 1287 3589; x_wconf 92' lang='lat' dir='ltr'>ex</span> <span class='ocrx_word' id='word_1_353' title='bbox 1301 3525 1527 3605; x_wconf 90' lang='lat' dir='ltr'>hexaplaribus</span> 
     </span>
     <span class='ocr_line' id='line_1_39' title="bbox 308 3612 1117 3678; baseline -0.001 -2"><span class='ocrx_word' id='word_1_354' title='bbox 308 3613 373 3677; x_wconf 91' lang='lat' dir='ltr'>late</span> <span class='ocrx_word' id='word_1_355' title='bbox 388 3613 511 3678; x_wconf 88' lang='lat' dir='ltr'>diffusis</span> <span class='ocrx_word' id='word_1_356' title='bbox 528 3620 561 3678; x_wconf 92' lang='lat' dir='ltr'>et</span> <span class='ocrx_word' id='word_1_357' title='bbox 574 3632 655 3677; x_wconf 92' lang='lat' dir='ltr'>novo</span> <span class='ocrx_word' id='word_1_358' title='bbox 671 3619 863 3677; x_wconf 90' lang='lat' dir='ltr'>testamento</span> <span class='ocrx_word' id='word_1_359' title='bbox 878 3612 1117 3677; x_wconf 88' lang='lat' dir='ltr'>accommodari.</span> 
     </span>
    </p>

    <p class='ocr_par' dir='ltr' id='par_1_6' title="bbox 394 3696 1527 3764">
     <span class='ocr_line' id='line_1_40' title="bbox 394 3696 1527 3764; baseline -0.002 -2"><span class='ocrx_word' id='word_1_360' title='bbox 394 3698 544 3764; x_wconf 81' lang='lat' dir='ltr'>Ceterum</span> <span class='ocrx_word' id='word_1_361' title='bbox 569 3718 589 3763; x_wconf 96' lang='lat' dir='ltr'>a</span> <span class='ocrx_word' id='word_1_362' title='bbox 614 3718 696 3764; x_wconf 89' lang='lat' dir='ltr'>saec.</span> <span class='ocrx_word' id='word_1_363' title='bbox 719 3699 773 3762; x_wconf 89' lang='lat' dir='ltr'>IV.</span> <span class='ocrx_word' id='word_1_364' title='bbox 797 3697 958 3762; x_wconf 89' lang='lat' dir='ltr'>codicibus</span> <span class='ocrx_word' id='word_1_365' title='bbox 983 3697 1021 3761; x_wconf 92' lang='lat' dir='ltr'>N.</span> <span class='ocrx_word' id='word_1_366' title='bbox 1045 3699 1080 3761; x_wconf 90' lang='lat' dir='ltr'>T.</span> <span class='ocrx_word' id='word_1_367' title='bbox 1103 3696 1283 3761; x_wconf 86' lang='lat' dir='ltr'>accuratius</span> <span class='ocrx_word' id='word_1_368' title='bbox 1308 3696 1527 3763; x_wconf 90' lang='lat' dir='ltr'>describendis</span> 
     </span>
    </p>
   </div>
   <div class='ocr_carea' id='block_1_5' title="bbox 308 3854 508 3864">
    <p class='ocr_par' dir='ltr' id='par_1_7' title="bbox 308 3854 508 3864">
     <span class='ocr_line' id='line_1_41' title="bbox 308 3854 508 3864; baseline -0.01 0"><span class='ocrx_word' id='word_1_369' title='bbox 308 3854 438 3864; x_wconf 53' lang='lat' dir='ltr'>uum-n»...-</span> <span class='ocrx_word' id='word_1_370' title='bbox 441 3856 508 3862; x_wconf 79' lang='grc'><em>--..--</em></span> 
     </span>
    </p>
   </div>
   <div class='ocr_carea' id='block_1_6' title="bbox 236 3947 1525 4570">
    <p class='ocr_par' dir='ltr' id='par_1_8' title="bbox 307 3947 1525 4292">
     <span class='ocr_line' id='line_1_42' title="bbox 377 3947 1525 4020; baseline -0.003 -14"><span class='ocrx_word' id='word_1_371' title='bbox 377 3955 385 3987; x_wconf 84' lang='lat'><strong>¹</strong></span> <span class='ocrx_word' id='word_1_372' title='bbox 403 3951 446 4006; x_wconf 90' lang='lat' dir='ltr'>Ad</span> <span class='ocrx_word' id='word_1_373' title='bbox 463 3949 512 4005; x_wconf 89' lang='lat' dir='ltr'>Mt.</span> <span class='ocrx_word' id='word_1_374' title='bbox 529 3951 570 4017; x_wconf 84' lang='grc'>24,</span> <span class='ocrx_word' id='word_1_375' title='bbox 587 3951 628 4005; x_wconf 83' lang='grc'>36.</span> <span class='ocrx_word' id='word_1_376' title='bbox 645 3950 720 4006; x_wconf 91' lang='lat' dir='ltr'>dicit:</span> <span class='ocrx_word' id='word_1_377' title='bbox 745 3950 777 4006; x_wconf 95' lang='lat' dir='ltr'>In</span> <span class='ocrx_word' id='word_1_378' title='bbox 792 3949 949 4020; x_wconf 88' lang='lat' dir='ltr'>quibusdam</span> <span class='ocrx_word' id='word_1_379' title='bbox 965 3949 1055 4005; x_wconf 89' lang='lat' dir='ltr'>latinis</span> <span class='ocrx_word' id='word_1_380' title='bbox 1074 3947 1208 4004; x_wconf 87' lang='lat' dir='ltr'>codicibus</span> <span class='ocrx_word' id='word_1_381' title='bbox 1227 3948 1346 4004; x_wconf 87' lang='lat' dir='ltr'>additum</span> <span class='ocrx_word' id='word_1_382' title='bbox 1364 3955 1417 4004; x_wconf 89' lang='lat' dir='ltr'>est:</span> <span class='ocrx_word' id='word_1_383' title='bbox 1435 3949 1525 4019; x_wconf 66' lang='lat' dir='ltr'>&#39;neque</span> 
     </span>
     <span class='ocr_line' id='line_1_43' title="bbox 307 4019 1525 4089; baseline -0.005 -13"><span class='ocrx_word' id='word_1_384' title='bbox 307 4019 400 4089; x_wconf 80' lang='lat' dir='ltr'>Filius,</span> <span class='ocrx_word' id='word_1_385' title='bbox 422 4038 503 4089; x_wconf 92' lang='lat' dir='ltr'>quum</span> <span class='ocrx_word' id='word_1_386' title='bbox 523 4021 551 4073; x_wconf 91' lang='lat' dir='ltr'>in</span> <span class='ocrx_word' id='word_1_387' title='bbox 571 4021 674 4088; x_wconf 88' lang='lat' dir='ltr'>graecis</span> <span class='ocrx_word' id='word_1_388' title='bbox 696 4028 722 4074; x_wconf 91' lang='lat' dir='ltr'>et</span> <span class='ocrx_word' id='word_1_389' title='bbox 740 4021 854 4074; x_wconf 88' lang='lat' dir='ltr'>maxime</span> <span class='ocrx_word' id='word_1_390' title='bbox 875 4020 1028 4073; x_wconf 87' lang='lat' dir='ltr'>Adamantii</span> <span class='ocrx_word' id='word_1_391' title='bbox 1046 4027 1073 4073; x_wconf 87' lang='lat' dir='ltr'>et</span> <span class='ocrx_word' id='word_1_392' title='bbox 1091 4019 1172 4072; x_wconf 89' lang='lat' dir='ltr'>Pierii</span> <span class='ocrx_word' id='word_1_393' title='bbox 1189 4019 1386 4086; x_wconf 87' lang='lat' dir='ltr'>exemplaribus</span> <span class='ocrx_word' id='word_1_394' title='bbox 1404 4019 1454 4072; x_wconf 91' lang='lat' dir='ltr'>hoc</span> <span class='ocrx_word' id='word_1_395' title='bbox 1475 4034 1525 4072; x_wconf 92' lang='lat' dir='ltr'>non</span> 
     </span>
     <span class='ocr_line' id='line_1_44' title="bbox 307 4086 1523 4157; baseline -0.004 -15"><span class='ocrx_word' id='word_1_396' title='bbox 307 4091 438 4144; x_wconf 89' lang='lat' dir='ltr'>habeatur</span> <span class='ocrx_word' id='word_1_397' title='bbox 454 4088 627 4157; x_wconf 86' lang='lat' dir='ltr'>adscriptum.</span> <span class='ocrx_word' id='word_1_398' title='bbox 662 4090 706 4141; x_wconf 88' lang='lat' dir='ltr'>Ad</span> <span class='ocrx_word' id='word_1_399' title='bbox 718 4089 776 4142; x_wconf 82' lang='lat' dir='ltr'>Gal.</span> <span class='ocrx_word' id='word_1_400' title='bbox 789 4092 813 4154; x_wconf 87' lang='lat'>3,</span> <span class='ocrx_word' id='word_1_401' title='bbox 829 4093 861 4143; x_wconf 90' lang='lat' dir='ltr'>l.:</span> <span class='ocrx_word' id='word_1_402' title='bbox 882 4089 994 4156; x_wconf 89' lang='lat' dir='ltr'>Legitur</span> <span class='ocrx_word' id='word_1_403' title='bbox 1009 4089 1036 4140; x_wconf 92' lang='lat' dir='ltr'>in</span> <span class='ocrx_word' id='word_1_404' title='bbox 1048 4086 1205 4155; x_wconf 89' lang='lat' dir='ltr'>quibusdam</span> <span class='ocrx_word' id='word_1_405' title='bbox 1219 4087 1364 4139; x_wconf 88' lang='lat' dir='ltr'>codicibus:</span> <span class='ocrx_word' id='word_1_406' title='bbox 1386 4087 1468 4154; x_wconf 78' lang='lat' dir='ltr'>„Quis</span> <span class='ocrx_word' id='word_1_407' title='bbox 1480 4101 1523 4139; x_wconf 91' lang='lat' dir='ltr'>vos</span> 
     </span>
     <span class='ocr_line' id='line_1_45' title="bbox 307 4152 1525 4224; baseline -0.004 -13"><span class='ocrx_word' id='word_1_408' title='bbox 307 4158 447 4213; x_wconf 77' lang='lat' dir='ltr'>fascinavit</span> <span class='ocrx_word' id='word_1_409' title='bbox 462 4174 515 4211; x_wconf 92' lang='lat' dir='ltr'>non</span> <span class='ocrx_word' id='word_1_410' title='bbox 534 4157 643 4210; x_wconf 87' lang='lat' dir='ltr'>credere</span> <span class='ocrx_word' id='word_1_411' title='bbox 662 4157 793 4210; x_wconf 84' lang='lat' dir='ltr'>veritati.“</span> <span class='ocrx_word' id='word_1_412' title='bbox 829 4157 881 4211; x_wconf 86' lang='lat' dir='ltr'>Sed</span> <span class='ocrx_word' id='word_1_413' title='bbox 900 4157 962 4222; x_wconf 90' lang='lat' dir='ltr'>hoc,</span> <span class='ocrx_word' id='word_1_414' title='bbox 984 4157 1046 4224; x_wconf 87' lang='lat' dir='ltr'>quia</span> <span class='ocrx_word' id='word_1_415' title='bbox 1062 4157 1090 4209; x_wconf 94' lang='lat' dir='ltr'>in</span> <span class='ocrx_word' id='word_1_416' title='bbox 1101 4154 1254 4209; x_wconf 90' lang='lat' dir='ltr'>Adamantii</span> <span class='ocrx_word' id='word_1_417' title='bbox 1266 4152 1463 4222; x_wconf 90' lang='lat' dir='ltr'>exemplaribus</span> <span class='ocrx_word' id='word_1_418' title='bbox 1475 4168 1525 4207; x_wconf 92' lang='lat' dir='ltr'>non</span> 
     </span>
     <span class='ocr_line' id='line_1_46' title="bbox 307 4226 587 4292; baseline -0.004 -13"><span class='ocrx_word' id='word_1_419' title='bbox 307 4228 428 4292; x_wconf 86' lang='lat' dir='ltr'>habetur,</span> <span class='ocrx_word' id='word_1_420' title='bbox 441 4226 587 4280; x_wconf 90' lang='lat' dir='ltr'>omisimus.</span> 
     </span>
    </p>

    <p class='ocr_par' dir='ltr' id='par_1_9' title="bbox 375 4293 1166 4364">
     <span class='ocr_line' id='line_1_47' title="bbox 375 4293 1166 4364; baseline -0.005 -15"><span class='ocrx_word' id='word_1_421' title='bbox 375 4301 386 4332; x_wconf 76' lang='lat'>⁹</span> <span class='ocrx_word' id='word_1_422' title='bbox 403 4295 457 4350; x_wconf 87' lang='lat' dir='ltr'>Ofr.</span> <span class='ocrx_word' id='word_1_423' title='bbox 470 4296 533 4364; x_wconf 86' lang='lat' dir='ltr'>Hug</span> <span class='ocrx_word' id='word_1_424' title='bbox 544 4293 701 4362; x_wconf 85' lang='lat' dir='ltr'>Einleitung</span> <span class='ocrx_word' id='word_1_425' title='bbox 711 4294 732 4346; x_wconf 89' lang='lat' dir='ltr'>I.</span> <span class='ocrx_word' id='word_1_426' title='bbox 745 4309 770 4360; x_wconf 93' lang='lat' dir='ltr'>p.</span> <span class='ocrx_word' id='word_1_427' title='bbox 784 4295 841 4350; x_wconf 83' lang='grc'><strong>199.</strong></span> <span class='ocrx_word' id='word_1_428' title='bbox 855 4293 951 4348; x_wconf 88' lang='grc'><strong>61222.</strong></span> <span class='ocrx_word' id='word_1_429' title='bbox 965 4308 1035 4360; x_wconf 89' lang='lat' dir='ltr'>seqq.</span> <span class='ocrx_word' id='word_1_430' title='bbox 1163 4349 1166 4355; x_wconf 71' lang='grc'>,</span> 
     </span>
    </p>

    <p class='ocr_par' dir='ltr' id='par_1_10' title="bbox 236 4360 1524 4570">
     <span class='ocr_line' id='line_1_48' title="bbox 375 4360 1524 4433; baseline -0.005 -16"><span class='ocrx_word' id='word_1_431' title='bbox 375 4368 386 4398; x_wconf 81' lang='lat'><strong>⁸</strong></span> <span class='ocrx_word' id='word_1_432' title='bbox 412 4365 565 4433; x_wconf 90' lang='lat' dir='ltr'>Hieronym.</span> <span class='ocrx_word' id='word_1_433' title='bbox 582 4362 616 4415; x_wconf 86' lang='lat' dir='ltr'>de</span> <span class='ocrx_word' id='word_1_434' title='bbox 633 4362 697 4414; x_wconf 86' lang='lat' dir='ltr'>viris</span> <span class='ocrx_word' id='word_1_435' title='bbox 715 4361 811 4414; x_wconf 87' lang='lat' dir='ltr'>illustr.</span> <span class='ocrx_word' id='word_1_436' title='bbox 834 4362 914 4415; x_wconf 82' lang='grc'><strong>615.</strong></span> <span class='ocrx_word' id='word_1_437' title='bbox 937 4361 1012 4413; x_wconf 86' lang='lat' dir='ltr'>dicit:</span> <span class='ocrx_word' id='word_1_438' title='bbox 1038 4360 1217 4429; x_wconf 88' lang='lat' dir='ltr'>(Pamphilus)</span> <span class='ocrx_word' id='word_1_439' title='bbox 1240 4365 1330 4426; x_wconf 87' lang='lat' dir='ltr'>„tanto</span> <span class='ocrx_word' id='word_1_440' title='bbox 1350 4360 1524 4414; x_wconf 87' lang='lat' dir='ltr'>bibliothecae</span> 
     </span>
     <span class='ocr_line' id='line_1_49' title="bbox 236 4428 1524 4500; baseline -0.004 -15"><span class='ocrx_word' id='word_1_441' title='bbox 236 4472 239 4479; x_wconf 91' lang='lat'>.</span> <span class='ocrx_word' id='word_1_442' title='bbox 308 4430 411 4486; x_wconf 81' lang='lat' dir='ltr'>divinae</span> <span class='ocrx_word' id='word_1_443' title='bbox 429 4448 518 4494; x_wconf 85' lang='lat' dir='ltr'>amore</span> <span class='ocrx_word' id='word_1_444' title='bbox 535 4431 670 4500; x_wconf 90' lang='lat' dir='ltr'>flagravit,</span> <span class='ocrx_word' id='word_1_445' title='bbox 692 4436 722 4482; x_wconf 90' lang='lat' dir='ltr'>ut</span> <span class='ocrx_word' id='word_1_446' title='bbox 739 4431 882 4482; x_wconf 89' lang='lat' dir='ltr'>maximam</span> <span class='ocrx_word' id='word_1_447' title='bbox 900 4435 1005 4496; x_wconf 89' lang='lat' dir='ltr'>partem</span> <span class='ocrx_word' id='word_1_448' title='bbox 1017 4428 1137 4496; x_wconf 86' lang='lat' dir='ltr'>Origcnis</span> <span class='ocrx_word' id='word_1_449' title='bbox 1153 4429 1316 4481; x_wconf 90' lang='lat' dir='ltr'>voluminum</span> <span class='ocrx_word' id='word_1_450' title='bbox 1328 4443 1377 4481; x_wconf 88' lang='lat' dir='ltr'>sua</span> <span class='ocrx_word' id='word_1_451' title='bbox 1388 4444 1469 4481; x_wconf 91' lang='lat' dir='ltr'>mann</span> <span class='ocrx_word' id='word_1_452' title='bbox 1481 4428 1524 4480; x_wconf 86' lang='lat' dir='ltr'>de·</span> 
     </span>
     <span class='ocr_line' id='line_1_50' title="bbox 309 4496 1524 4570; baseline -0.005 -16"><span class='ocrx_word' id='word_1_453' title='bbox 309 4502 456 4570; x_wconf 86' lang='lat' dir='ltr'>scripserit,</span> <span class='ocrx_word' id='word_1_454' title='bbox 478 4517 545 4569; x_wconf 87' lang='lat' dir='ltr'>quae</span> <span class='ocrx_word' id='word_1_455' title='bbox 563 4515 647 4568; x_wconf 88' lang='lat' dir='ltr'>usque</span> <span class='ocrx_word' id='word_1_456' title='bbox 664 4498 742 4552; x_wconf 90' lang='lat' dir='ltr'>bodie</span> <span class='ocrx_word' id='word_1_457' title='bbox 758 4499 786 4551; x_wconf 93' lang='lat' dir='ltr'>in</span> <span class='ocrx_word' id='word_1_458' title='bbox 803 4498 976 4553; x_wconf 86' lang='lat' dir='ltr'>ansareensi</span> <span class='ocrx_word' id='word_1_459' title='bbox 995 4497 1155 4550; x_wconf 89' lang='lat' dir='ltr'>bibliotheca</span> <span class='ocrx_word' id='word_1_460' title='bbox 1175 4497 1332 4550; x_wconf 88' lang='lat' dir='ltr'>habentur.“</span> <span class='ocrx_word' id='word_1_461' title='bbox 1367 4496 1422 4550; x_wconf 85' lang='lat' dir='ltr'>Ofr.</span> <span class='ocrx_word' id='word_1_462' title='bbox 1444 4503 1524 4550; x_wconf 90' lang='lat' dir='ltr'>contr.</span> 
     </span>
    </p>
   </div>
   <div class='ocr_carea' id='block_1_7' title="bbox 309 4569 492 4626">
    <p class='ocr_par' dir='ltr' id='par_1_11' title="bbox 309 4569 492 4626">
     <span class='ocr_line' id='line_1_51' title="bbox 309 4569 492 4626; baseline -0.016 0"><span class='ocrx_word' id='word_1_463' title='bbox 309 4569 408 4626; x_wconf 83' lang='lat' dir='ltr'>Ruffin.</span> <span class='ocrx_word' id='word_1_464' title='bbox 422 4571 455 4623; x_wconf 92' lang='lat' dir='ltr'>II.</span> <span class='ocrx_word' id='word_1_465' title='bbox 468 4571 492 4623; x_wconf 85' lang='lat'>9.</span> 
     </span>
    </p>
   </div>
   <div class='ocr_carea' id='block_1_8' title="bbox 0 0 1686 5176">
    <p class='ocr_par' dir='ltr' id='par_1_12' title="bbox 0 0 1686 5176">
     <span class='ocr_line' id='line_1_52' title="bbox 0 0 1686 5176; baseline 0 0"><span class='ocrx_word' id='word_1_466' title='bbox 0 0 1686 5176; x_wconf 95' lang='lat' dir='ltr'> </span> 
     </span>
    </p>
   </div>
  </div>
 </body>
</html>
