3428 5180
650 284 933 349 -343—

181 455 309 520 seducit
331 460 364 520 et
386 456 428 519 ad
450 455 625 521 terribilem
647 475 787 537 pugnam
809 456 922 521 incitat
949 461 1059 522 contra
1081 456 1200 522 Christi
1226 456 1404 536 ecclesiam3

186 546 331 605 attamen
347 560 455 606 omnes
472 541 591 606 Christi
606 543 716 606 hostes
731 542 804 624 igne
820 543 860 606 de
876 542 963 607 coelo
979 543 1188 621 devorantur,
1211 546 1243 605 et
1259 542 1405 607 diabolus

182 626 324 692 mittitur
338 627 392 706 „cb
407 639 549 712 stupeum
566 628 649 713 ituris
664 639 692 689 et
705 627 874 711 sulphuris,
890 628 947 690 ubi
955 639 983 689 et
993 628 1090 690 bestia
1103 639 1130 689 et
1137 626 1406 711 pseudopropheta
1467 653 1470 658 ·

181 713 407 775 cruciabuntur
423 712 472 775 die
487 735 526 775 ae
540 724 626 775 uocte
642 713 675 774 iu
691 711 817 776 saecula
831 713 1047 775 saeculorum“
1062 714 1113 792 20,
1131 712 1243 776 7-10.
1270 712 1405 778 Mentio-

179 817 254 862 nem
270 816 331 861 non
347 795 417 862 fieri
431 798 636 877 Antichristi',
660 817 754 878 quem
775 803 881 862 tamen
903 803 977 862 ante
992 799 1101 862 mundi
1115 798 1210 878 hujus
1225 796 1319 862 finem
1335 817 1405 863 esse

178 882 383 965 proditurum
400 901 423 947 s.
439 883 558 947 Paulus
580 884 612 948 in
627 882 667 946 ΙΙ.
685 884 793 948 Thess.
810 884 839 962 2,
855 885 1019 948 3—12;et
1040 884 1109 964 ipse
1131 902 1154 947 s.
1171 883 1310 948 loannes
1332 883 1365 947 in
1380 884 1404 947 Ι.

182 968 276 1048 epist.
291 968 321 1047 4,
338 969 367 1031 2,
384 971 412 1032 3.
429 973 604 1049 testantur,
628 967 770 1049 profecto
786 969 900 1033 mirum
916 970 1017 1034 videri
1032 973 1149 1050 posset.
1194 970 1327 1048 OmueS,
1350 970 1405 1051 qui
1454 1039 1458 1047 ⁸

187 1053 314 1118 Christo
331 1054 550 1135 adversantur,
567 1054 683 1137 spiritu
699 1054 827 1136 quidem
835 1055 1022 1120 Antichristi
1037 1055 1168 1118 animati
1184 1061 1216 1118 et
1232 1054 1300 1134 ejus
1312 1055 1405 1135 quasi

180 1157 407 1221 praecursores
430 1144 512 1220 sunt,
536 1146 677 1205 attamen
697 1160 758 1205 non
780 1141 849 1220 ipse
868 1140 1084 1205 Antichristus
1101 1139 1295 1221 personalis,
1317 1141 1403 1202 homo

177 1225 312 1309 peccati}
325 1220 419 1307 filiun
437 1225 642 1310 perditionis,
672 1227 730 1309 qui
749 1225 981 1289 adversatura
1008 1226 1165 1289 eutollitur
1187 1247 1284 1308 supro
1307 1248 1402 1298 omne,

181 1308 268 1396 quod
281 1310 398 1374 dieitur
409 1310 496 1374 Deus
511 1323 566 1373 aut
581 1309 666 1395 quod
680 1311 803 1392 colitur,
818 1312 865 1374 itu
879 1324 913 1374 ut
926 1313 960 1374 iu
977 1311 1086 1395 templo
1099 1311 1166 1374 Dei
1177 1309 1291 1393 sedeat,
1307 1322 1403 1372 osten-

181 1395 257 1460 dms
276 1419 308 1458 se
323 1408 471 1478 tauquam
487 1396 648 1478 ι11ἰΙ)1113,·
664 1432 704 1440 -
720 1420 809 1480 quem
826 1395 980 1460 Dominus
995 1397 1087 1460 Jesus
1108 1395 1269 1478 interficiet
1289 1395 1405 1479 spiritu

181 1481 248 1544 oris
262 1483 316 1542 sui
328 1493 356 1543 et
371 1481 504 1544 destruet
517 1482 726 1545 illustratione
741 1482 890 1545 aduentus
904 1482 975 1544 sui“
990 1481 1044 1561 (ΙΙ.
1061 1482 1171 1546 Thess,
1187 1481 1206 1544 l.
1222 1480 1271 1561 e).
1312 1481 1404 1544 Atta·
1424 1519 1430 1537 ·

180 1585 255 1631 men
277 1566 389 1630 ultima
410 1567 465 1630 illa
487 1585 594 1649 pugna
617 1567 769 1632 ecclesiae
783 1574 861 1631 'cum
881 1573 994 1652 satana
1015 1567 1118 1631 soluto
1140 1567 1272 1647 ejusque
1286 1566 1405 1630 instru-

180 1652 298 1716 mentis
313 1670 333 1715 a
348 1671 371 1716 s.
388 1652 511 1717 loanne
526 1653 558 1718 in
573 1653 757 1733 apocalypsi
772 1653 973 1733 paucissimis
989 1652 1178 1730 absolvitur3
1200 1653 1405 1734 quemadmo-

180 1739 259 1801 dum
275 1737 452 1802 delsraelis
468 1739 672 1802 conversione
688 1740 729 1801 ad
737 1738 899 1802 Christum
915 1744 989 1802 ante
1003 1738 1112 1801 mmrdi
1127 1736 1222 1802 finem
1237 1737 1340 1817 (Rom.
1355 1737 1403 1817 11,

180 1824 233 1887 25.
249 1823 325 1904 26),
340 1822 386 1886 ita
402 1823 497 1887 etiam
513 1824 553 1888 de
567 1823 755 1887 Antichristi
770 1823 899 1905 proprie
916 1824 961 1887 sic
977 1823 1054 1887 dicti
1068 1823 1199 1904 proditu
1215 1828 1247 1886 et
1263 1822 1404 1887 efficacia

182 1908 261 1973 nihil
278 1913 552 1988 commemoratur,
569 1909 626 1972 sed
641 1913 777 1988 uterque
794 1913 926 1974 eventus
941 1913 1037 1972 notus
1053 1909 1251 1989 supponitur.

270 1995 318 2057 10.
350 1993 504 2058 Omnibus
519 1993 665 2058 hostibus
681 1995 815 2059 devictis
835 1993 1024 2058 universalis
1045 1995 1191 2075 sequitur
1206 1998 1404 2057 mortuorum

183 2079 385 2159 resurrectio,
405 2079 561 2161 judicium
584 2083 759 2143 extremum
782 2081 821 2144 de
845 2079 975 2160 cunctis,
1000 2081 1055 2160 qui
1075 2099 1137 2143 non
1156 2085 1231 2143 sunt
1246 2079 1357 2158 scripti
1372 2079 1404 2143 in

181 2165 263 2229 libro
285 2165 371 2229 vitae
386 2166 437 2243 20,
455 2165 588 2229 11-15.
633 2165 758 2230 Novum
781 2166 902 2230 coelum
922 2170 954 2230 et
975 2185 1056 2230 nova
1080 2171 1168 2229 terra
1190 2165 1300 2243 oritur,
1322 2183 1404 2229 nova

180 2251 293 2316 civitas
303 2251 483 2316 Jerusalem
498 2251 539 2314 de
555 2251 642 2316 coelo
659 2252 833 2331 deseendit,
849 2255 964 2332 parata
980 2251 1062 2315 sicut
1077 2270 1194 2331 sponsa
1209 2255 1321 2314 omata
1335 2250 1403 2314 viro

180 2355 248 2416 suo,
260 2344 293 2399 et
305 2336 443 2401 beatitas
457 2355 576 2416 eorum,
589 2337 644 2417 qni
656 2337 802 2401 laverunt
813 2338 913 2401 stolas
926 2356 1001 2402 suas
1013 2337 1045 2400 in
1057 2337 1211 2418 sanguine
1222 2336 1305 2417 agni,
1314 2340 1405 2399 tanta

181 2421 386 2501 describitur,
408 2426 459 2502 ut,
482 2422 538 2503 qui
553 2422 645 2504 legit,
669 2443 731 2487 non
747 2423 850 2503 possit
865 2443 927 2488 non
942 2442 1014 2488 cum
1028 2427 1102 2487 vate
1118 2441 1208 2487 sacro
1225 2421 1403 2502 suspirare:

175 2506 292 2588 „Veni
309 2507 444 2570 Domine
459 2507 580 2571 Jeaul“
608 2509 717 2573 Amen.
