3364 5156
784 288 1070 354 „190-

863 509 892 592 s.
913 509 983 576 mo.

611 647 659 698 De
670 646 826 707 tontibus,
840 658 858 696 s
869 647 987 708 quibus
1000 647 1105 699 Lucas
1116 649 1231 700 hausit.

399 797 444 864 Ut
454 799 521 881 jam
533 798 560 880 ξ.
571 799 643 864 127.
655 799 777 866 dictum
788 803 847 881 est,
859 800 984 881 antiqui
994 798 1115 866 fontem
1124 801 1264 883 primum
1276 809 1308 867 et
1319 803 1530 884 praecipuum,
1666 841 1667 874 ι

255 876 260 892 “
313 884 398 950 unde
420 884 525 950 Lucas
550 885 682 952 notitias
707 904 783 952 suas
808 885 1008 968 evangelicas
1030 887 1192 969 hauserit,
1217 889 1380 954 nominant
1402 889 1532 954 Paulum

312 969 443 1050 apost,
466 972 557 1052 eujus
579 971 755 1054 discipulus
770 977 804 1037 et
827 989 932 1038 comes
953 989 1013 1052 per
1033 971 1159 1053 longius
1178 977 1306 1056 tempus
1327 979 1405 1040 erat.
1450 975 1533 1040 Idem

314 1055 469 1137 evangelii
484 1057 587 1123 nostri
601 1063 789 1140 argumento
805 1055 1026 1137 confirmatur,
1041 1077 1114 1122 nam

399 1142 427 1204 1.
451 1159 506 1208 eas
525 1143 613 1225 ipsas
634 1143 811 1222 doctrinas,
838 1144 878 1208 de
893 1143 1010 1224 quibus
1024 1143 1145 1210 Pardus
1164 1163 1243 1226 prae
1258 1144 1373 1210 ceteris
1388 1145 1473 1226 agit:
1499 1145 1535 1209 de
1668 1117 1669 1166 ³

312 1225 486 1292 universali
500 1227 614 1294 salutis
629 1229 822 1294 christianae
836 1227 1064 1310 destinatione,
1087 1229 1128 1294 de
1147 1231 1253 1311 gratia
1267 1228 1466 1312 justificante
1483 1249 1537 1311 per

312 1308 408 1376 fidem
430 1313 553 1395 absque
575 1314 727 1395 operibus
742 1319 819 1395 etc,
843 1315 947 1380 Lucas
968 1333 1048 1396 prae
1070 1316 1185 1380 ceteris
1208 1315 1322 1398 selegit
1343 1317 1536 1396 tractandas,

312 1396 519 1464 illustrandas
542 1405 575 1464 et
594 1398 834 1466 confirmandas.
878 1400 973 1466 Sicu.
989 1420 1018 1483 g.
1039 1401 1059 1466 J
1062 1419 1119 1466 esu
1135 1400 1256 1466 Christi
1274 1401 1496 1483 genealogiam
1509 1402 1537 1480 3,

312 1482 364 1546 23.
380 1500 469 1564 seqq.
483 1503 545 1550 non
560 1489 598 1549 ut
612 1486 796 1550 Matthaeus
811 1486 851 1551 ab
865 1485 1048 1552 Abrahamo
1064 1487 1237 1567 exorditur,
1253 1487 1311 1552 sed
1324 1486 1367 1551 ad
1380 1486 1537 1550 tuomum

313 1585 417 1648 usque
437 1574 470 1635 et
484 1570 527 1636 ad
541 1569 646 1636 Deum
665 1569 791 1636 reducit
804 1570 846 1652 (v.
862 1571 943 1654 38.),
963 1577 1002 1637 ut
1021 1572 1186 1638 ostendat:
1212 1573 1299 1637 sicut
1311 1572 1456 1648 Adamus
1476 1579 1538 1638 ter-

313 1654 426 1720 restris
438 1657 471 1720 et
481 1655 570 1722 Deus
583 1657 730 1724 coelestis
742 1661 791 1722 est
805 1657 946 1722 omnium
960 1657 1123 1722 hominum
1136 1662 1245 1739 pater:
1260 1659 1308 1723 ita
1319 1658 1417 1722 etiam
1428 1658 1538 1722 desum

312 1739 429 1804 Adami
451 1746 484 1806 et
497 1741 559 1807 Dei
580 1741 681 1808 filium
695 1743 796 1808 totius
818 1743 943 1824 generis
958 1743 1089 1808 humani
1104 1761 1175 1809 esse
1190 1743 1398 1809 salvatorem.
1442 1744 1474 1823 2,
1489 1745 1537 1808 31.

312 1825 363 1890 32.
376 1825 556 1893 Simeonem
566 1829 654 1909 pium
668 1827 881 1894 celebrantem
892 1829 979 1894 sistit
994 1829 1132 1895 salutem
1143 1829 1243 1895 aDeo
1254 1830 1288 1894 in
1299 1829 1321 1894 J
1323 1847 1381 1895 esu
1393 1834 1539 1911 paratam

311 1923 406 1991 „onte
419 1912 547 1996 facicm
565 1917 703 1978 omnium
710 1915 918 2000 populumne,
942 1913 1045 1979 lumea
1066 1915 1112 1978 od
1129 1915 1346 1980 revelationem
1381 1917 1500 1978 catium
1514 1927 1539 1977 et

309 1995 448 2094 planetam
466 1999 582 2082 populi
599 1999 744 2083 Isratl,·“
764 2000 795 2082 4,
809 1999 946 2066 25—27.
989 1999 1102 2066 Jesum
1120 1999 1323 2066 Nazarethae
1365 2000 1539 2066 udaeorum

312 2082 515 2164 mdrgnornm
530 2085 736 2166 reJeotionem
746 2085 814 2169 jam
827 2086 861 2150 in
873 2085 910 2151 V.
919 2086 955 2150 T.
967 2085 1074 2167 typice
1085 2087 1309 2152 annunciatum
1325 2092 1358 2151 et
1372 2085 1538 2150 assumtio

312 2185 386 2232 nem
397 2169 595 2236 ethnicorum
605 2171 843 2252 praedicentem
855 2171 998 2252 sistit39,
1007 2171 1144 2238 52-56.
1157 2171 1398 2252 1117,11-19.
1428 2171 1537 2236 Jesum

313 2271 375 2318 non
390 2252 596 2323 abhorruisse
610 2257 705 2323 docet
720 2275 740 2322 a
755 2257 1029 2323 Samaritanorum
1044 2258 1218 2339 consortio,
1234 2277 1344 2323 eorum
1359 2257 1457 2323 etiam
1473 2256 1539 2323 Sal-

313 2343 458 2404 vatorem
470 2357 506 2405 se
517 2341 699 2408 declarasse
710 2348 743 2408 et
753 2342 916 2425 leprosum
927 2344 1116 2424 mundasse3
1133 2344 1182 2424 14,
1193 2343 1327 2408 lfa-24.
1342 2343 1376 2408 in
1386 2342 1538 2425 parabola

313 2423 354 2489 de
380 2442 479 2490 coena
504 2445 620 2510 magna
642 2427 806 2494 Christum
830 2429 989 2495 dicentem
1015 2434 1253 2510 repraesentat,
1281 2428 1538 2510 patrandamilias

314 2509 451 2576 exclusis
465 2513 555 2592 prius
570 2514 714 2580 invitatis
729 2513 893 2598 (ludaeis)
908 2519 1070 2597 postremo
1085 2515 1119 2580 in
1135 2515 1196 2580 viis
1216 2521 1249 2580 et
1269 2514 1399 2596 sepibus
1413 2532 1539 2580 versan-

313 2599 364 2660 tes
379 2594 552 2680 (ethnicos)
567 2600 685 2666 adduci
702 2601 855 2683 jussisse3
879 2601 907 2681 7,
922 2601 1059 2666 36—50.
1094 2601 1207 2666 desum
1225 2601 1353 2666 mulieri
1372 2598 1541 2682 peccatrici

313 2681 353 2746 ob
368 2683 584 2762 poenitentiae
598 2685 772 2768 lacrymas,
797 2687 838 2752 ob
859 2684 956 2753 fidem
977 2690 1010 2752 11
1031 2685 1210 2752 dilectionis
1225 2687 1416 2778 documenta
1430 2703 1542 2767 pecca·

313 2769 419 2832 torum
434 2769 652 2837 remissionem
667 2772 877 2838 annunciasse
899 2771 998 2838 refert
1015 2772 1138 2838 verbis:
1163 2773 1282 2853 „Fides
1304 2787 1360 2836 ιιια
1379 2772 1544 2835 1111111

303 2851 390 2938 fecit
396 2854 431 2936 ,·“
452 2855 485 2920 in
499 2857 655 2937 parabola
669 2859 710 2924 de
724 2856 788 2924 filio
808 2859 935 2940 perdito
952 2858 1002 2939 15,
1019 2858 1153 2924 rar—30.
1168 2858 1385 2939 poenitentem
1400 2861 1433 2922 et
1448 2854 1545 2922 confi-

313 2938 427 3004 denter
455 2942 498 3006 ad
526 2947 652 3024 patrem
680 2962 845 3010 reversum
879 2943 1038 3010 iuvenisse
1068 2943 1234 3025 culparum
1262 2942 1483 3008 remissionem
1513 2947 1545 3006 11

313 3024 482 3108 benignam
503 3028 537 3092 in
561 3029 691 3096 domum
715 3035 884 3111 paternam
906 3029 1121 3111 receptionem
1146 3032 1273 3108 narrat;
1301 3028 1351 3109 17,
1374 3029 1489 3092 7—10.
1512 3028 1544 3092 in

313 3109 521 3180 similitudine
534 3114 576 3180 dc
591 3133 699 3197 servo,
714 3116 770 3196 qui
785 3115 897 3182 officiis
912 3115 978 3180 suis
994 3113 1164 3196 satisfecit,
1180 3115 1201 3180 J
1203 3133 1277 3180 esus
1291 3115 1441 3179 adnotat:
1467 3113 1543 3196 „Sco

313 3209 342 3260 at
356 3220 424 3279 vos,
444 3222 514 3262 cum
531 3200 676 3283 feceritis
691 3203 805 3282 ommia,
826 3224 905 3286 quac
919 3213 1090 3285 praccepta
1104 3215 1177 3265 sunt
1198 3201 1295 3282 oobc's,
1318 3200 1429 3264 άι’σι“11.·
1454 3197 1549 3262 Serui

311 3281 439 3347 inutiles
449 3307 567 3366 111111,
580 3286 665 3370 quod
675 3285 835 3350 deduciaco
839 3286 965 3371 fucere,
973 3285 1145 3371 fccc’raus.“
1174 3286 1265 3352 Idem
1275 3285 1356 3351 latet
1368 3285 1419 3365 18,
1427 3284 1543 3348 9-14.

312 3366 346 3432 in
366 3369 521 3449 parabola
543 3371 584 3437 de
599 3371 773 3437 Pharisaeo
795 3376 828 3437 11
846 3373 1003 3454 portitore
1019 3370 1184 3438 orantibus
1198 3373 1231 3436 in
1246 3371 1380 3453 templo,
1405 3388 1543 3451 quorum

312 3454 401 3533 prior
408 3447 452 3520 'ob
467 3457 682 3523 humilitatem
697 3463 833 3522 suamet
847 3458 1086 3540 poenitentiam,
1101 3476 1164 3522 non
1174 3476 1250 3523 vero
1265 3456 1348 3522 alter
1361 3456 1403 3521 de
1414 3455 1543 3539 Justitia

313 3555 372 3604 sua
386 3540 526 3622 glorians
546 3541 741 3624 justificatus
756 3543 942 3610 discessisse
957 3543 1090 3625 legitur;
1113 3542 1165 3623 23,
1180 3542 1317 3608 40—43.
1334 3541 1420 3608 solus
1438 3543 1544 3606 Lucas

313 3624 455 3707 adnotat,
466 3647 565 3694 unum
574 3629 743 3709 latronum,
755 3629 811 3711 qui
823 3647 895 3694 cum
905 3629 986 3696 Jesu
996 3627 1138 3694 crucifixi
1148 3632 1231 3708 sunt,
1244 3629 1339 3710 hujus
1350 3627 1542 3708 implorasse

313 3710 564 3880 fflffliricfflam
576 3718 610 3780 et
620 3715 763 3796 paradisi
774 3716 1017 3796 promissionem
1027 3713 1191 3795 accepisse
1202 3712 1272 3795 (etr.
1282 3713 1379 3780 etiam
1389 3714 1440 3794 13,
1450 3712 1542 3776 1-5.

399 3881 430 3947 2.
451 3882 554 3950 Voces
569 3885 677 3971 χάρις,
702 3882 804 3966 eleos,
827 3883 940 3964 ττίστις
955 3889 989 3951 11
1008 3881 1221 3966 ταπείνωσις,
1247 3902 1330 3965 quae
1355 3902 1427 3949 cum
1448 3899 1546 3965 pecu·

313 3965 447 4033 liaribus
463 3968 530 4034 suis
546 3969 728 4036 notionibus
740 3969 841 4036 Paulo
855 3969 997 4036 usitatae
1013 3974 1087 4036 sunt
1099 3975 1132 4036 et
1143 3971 1321 4050 adamatae,
1336 3971 1369 4036 in
1381 3968 1545 4050 evangelio

316 4072 445 4136 quoque
459 4055 568 4121 Lucae
582 4053 767 4136 frequenter
783 4060 963 4137 occurrunt,
980 4057 1091 4137 etjam
1106 4057 1139 4121 in
1153 4057 1397 4122 annunciatione
1412 4073 1546 4136 concop-

314 4140 410 4206 tionis
425 4141 562 4221 Mariae,
584 4141 618 4205 in
632 4143 738 4208 verbis
751 4141 978 4222 EHsabethae,
1001 4142 1033 4206 in
1049 4142 1170 4206 cantico
1186 4142 1309 4207 Mariae
1324 4146 1357 4206 11
1371 4139 1547 4206 Zachariae

313 4226 523 4309 praecipuum
549 4232 705 4308 occupant
729 4228 834 4293 locum
857 4225 901 4308 (1,
922 4226 1057 4292 26-38.
1081 4227 1217 4292 42-55.
1241 4227 1400 4308 68-79.).
1453 4225 1547 4289 Aliae

316 4312 412 4377 otiam
428 4313 649 4396 expressiones
664 4313 765 4378 Paulo
780 4312 954 4378 familiares
968 4313 1000 4378 in
1016 4312 1181 4394 evangelio
1195 4317 1306 4378 nostro
1323 4316 1356 4378 11
1369 4312 1403 4377 in
1418 4310 1547 4377 actibus

314 4397 396 4480 App.
416 4398 580 4481 leguntur,
602 4401 639 4462 ut
661 4398 751 4479 τάξις
766 4399 795 4479 1,
810 4399 855 4481 8.,
877 4396 1048 4482 ἄμεμπτος
1066 4398 1173 4479 1,16.,
1196 4395 1339 4486 άττειθής
1358 4397 1453 4478 1,17.
1473 4397 1546 4460 Act.

315 4483 439 4565 2119,
454 4487 605 4572 guascolio
621 4484 649 4565 1,
660 4484 721 4564 28,
736 4485 923 4569 μεγαλύνειν
933 4483 1125 4565 (celebrare)
1138 4482 1166 4563 l,
1178 4483 1229 4548 46.
1241 4483 1291 4548 58.
1307 4485 1378 4548 Act.
1389 4483 1419 4562 5,
1433 4482 1482 4547 13.
1494 4481 1546 4561 al,

315 4568 473 4660 δυνάστης
489 4573 517 4650 1,
531 4568 597 4650 52,
614 4566 914 4654 ἀντιλαμβάνεσθαι
931 4573 958 4650 1,
973 4569 1024 4634 54.
1038 4569 1109 4634 Α11.
1125 4569 1177 4649 20,
1192 4569 1260 4650 35.,
1274 4569 1433 4659 λύτρωσις
1449 4569 1477 4648 1,
1493 4566 1546 4630 68.
