3428 5180
788 273 1073 338 -sls—

307 441 495 527 facinorum
512 442 576 526 opus
595 441 750 504 temeritas
771 441 941 526 impictatis
960 444 995 506 in
1016 442 1129 508 Deam.
1172 443 1259 506 Nam
1270 444 1400 527 primns
1421 442 1538 506 Romae

318 525 514 606 Christianos
535 525 701 610 suppliciis
723 539 752 590 et
770 528 920 592 mortibus
944 526 1065 613 adfoei't
1089 553 1127 592 ac
1145 550 1208 612 por
1232 550 1337 592 omncs
1358 529 1539 612 procinctus

310 614 394 696 pari
408 612 618 696 persecutione
643 613 827 675 enaua'ari
846 611 1044 696 imperamt.“
1087 611 1215 696 Scripta
1240 625 1284 676 est
1307 614 1413 697 itaque
1431 612 1540 696 prima

315 697 408 760 Petri
414 695 544 780 epibata
555 708 720 780 pressante
730 697 849 760 Rornae
862 695 1112 762 Christianorum
1123 699 1345 782 persecutione,
1359 703 1540 761 nontamen

315 781 426 846 statim
441 781 481 846 ab
496 782 596 860 initio,
613 783 671 846 sed
687 799 758 845 cum
773 782 949 846 timendum
965 789 1060 863 esset,
1075 803 1115 849 ne
1130 783 1185 847 illa
1199 783 1231 848 in
1242 783 1422 864 provincias
1435 776 1541 848 cirten-

316 866 455 945 deretur,
472 885 547 948 ergo
563 868 648 932 inter
661 886 732 931 ann.
748 867 798 931 65.
814 872 847 932 et
862 868 912 931 67.

867 1035 895 1116 s.
912 1037 985 1102 aas.
1014 1117 1017 1122 ,

562 1171 694 1222 Occasio
707 1170 872 1234 epistolae,
886 1184 1002 1234 scopus
1014 1175 1047 1222 et
1059 1173 1292 1234 argumentum.

402 1288 535 1354 Occasio
550 1292 614 1354 si'ta
628 1304 696 1354 erat
716 1291 750 1353 in
769 1290 843 1374 ipsa
864 1289 924 1354 illa
941 1290 1192 1354 Christianorum
1203 1291 1420 1374 persecutione
1426 1338 1436 1369 ,
1462 1309 1542 1372 qaae

314 1375 436 1438 Bootae
449 1375 505 1438 sab
520 1377 645 1438 Nersae
659 1387 836 1457 eccarscrat,
852 1389 880 1439 ct
894 1376 928 1438 in
941 1376 1097 1458 periculo,
1113 1398 1152 1438 ne
1167 1378 1261 1440 etiam
1275 1376 1309 1437 in
1324 1375 1426 1438 Asiae
1444 1372 1542 1434 atino·

314 1460 361 1522 ris
371 1461 554 1542 provincias
569 1457 801 1538 atoniacam
824 1479 848 1524 s.
864 1460 981 1526 Petrus
995 1463 1105 1542 itaque
1120 1461 1256 1526 lectores
1278 1461 1321 1524 ad
1341 1459 1542 1524 calamitates

314 1563 510 1624 praeparare
524 1545 625 1610 voluit
638 1545 848 1625 probabiliter
862 1546 1071 1623 imminentes.
1101 1546 1241 1610 Huncin
1255 1543 1351 1609 finem
1365 1541 1542 1624 Apostolus

315 1629 348 1693 in
363 1630 537 1694 lectoribus
553 1631 692 1695 excitare
708 1635 841 1694 conatur
856 1649 945 1711 spem
960 1631 1065 1696 vivam
1079 1631 1111 1695 in
1125 1630 1253 1696 Domini
1268 1631 1443 1694 adventurn
1460 1635 1493 1692 et
1510 1627 1541 1690 in

313 1714 576 1796 glorificationem
602 1713 744 1779 fidelium
769 1733 841 1779 cum
868 1735 905 1780 eo
932 1718 1149 1798 conjunctam,
1174 1716 1216 1780 ad
1242 1719 1442 1780 constantem
1468 1711 1543 1776 fidei

313 1799 544 1880 professionem
560 1805 592 1864 et
605 1801 810 1881 patientiam,
832 1801 874 1864 ad
894 1808 1088 1866 crescentem
1108 1802 1233 1866 animae
1248 1798 1541 1875 sanctificationem,

313 1885 356 1948 ad
366 1885 678 1966 irreprehensibilem
690 1905 762 1950 cum
773 1886 923 1966 gentibus
934 1887 1215 1965 conversationem,
1231 1886 1273 1950 ad
1285 1884 1429 1950 debitam
1440 1883 1541 1963 magi·

313 1970 469 2035 stratibus
485 1971 708 2050 obedientiam,
724 1976 761 2034 ut
776 1969 917 2036 refutent
930 1970 1012 2035 falsa
1027 1972 1285 2036 adversariorum
1301 1970 1451 2035 convicia.

398 2057 428 2119 2.
458 2055 703 2141 Aryamcntarn:
724 2054 907 2120 Praemissrt
923 2057 1124 2121 dedicatione
1140 2061 1172 2122 et
1193 2056 1387 2120 salutatione
1401 2055 1541 2135 Aposto-

312 2138 364 2203 lus
376 2141 517 2206 celebrat
528 2141 589 2205 Dei
604 2141 751 2222 gratiam,
768 2159 831 2221 qua
845 2142 1027 2222 regenerati
1042 2160 1152 2206 sumus
1168 2142 1209 2205 ad
1224 2142 1323 2205 vitam
1338 2158 1455 2206 novam
1470 2157 1542 2204 cum

314 2242 372 2306 spe
387 2233 538 2290 aeternae
553 2226 735 2306 beatitatis,
763 2245 846 2306 quae
860 2228 1004 2306 reposita
1019 2232 1069 2292 est
1083 2225 1221 2291 fideliter
1240 2226 1475 2307 pugnantibus,
1502 2224 1541 2288 de

314 2327 379 2388 qua
394 2329 517 2375 summo
533 2311 692 2376 desiderio
709 2311 845 2375 scrutati
860 2317 934 2375 sunt
951 2313 1142 2392 prophetae,
1169 2312 1201 2376 in
1218 2330 1314 2392 quam
1329 2311 1435 2392 angeli
1458 2310 1541 2374 desi·

314 2394 430 2460 derant
444 2396 629 2476 prospicere
645 2398 674 2475 1,
691 2396 804 2459 1-12.
832 2396 916 2460 Hinc
930 2397 1067 2462 lectores
1082 2397 1114 2460 in
1128 2397 1213 2460 illius
1228 2397 1396 2461 beatitatis
1412 2413 1541 2477 exspec-

313 2480 437 2545 tatione
457 2481 526 2545 Deo
549 2480 639 2545 Patri
663 2499 738 2560 suc,
763 2482 819 2562 qui
840 2501 894 2546 eos
913 2483 1055 2561 vocavit,
1081 2482 1177 2564 digne
1203 2482 1358 2561 serviant,
1384 2497 1540 2546 memores

313 2565 422 2646 magni
436 2566 547 2646 pretii,
571 2585 634 2646 quo
651 2584 689 2631 ex
703 2567 770 2630 vita
784 2567 1007 2647 peccaminosa
1022 2568 1157 2632 redemti
1173 2573 1206 2631 et
1220 2567 1302 2631 novt
1318 2567 1429 2631 donati
1451 2570 1540 2642 sunt;

315 2650 417 2714 amori
438 2650 500 2714 Dei
524 2655 556 2714 et
576 2650 738 2716 fraternae
760 2651 910 2716 charitati
933 2653 1099 2731 studeant,
1127 2671 1252 2716 omnem
1274 2651 1430 2715 mahtiam
1444 2652 1540 2731 depo-

299 2741 300 2745 ’
314 2739 405 2815 nant,
432 2734 526 2800 modo
542 2742 690 2800 natorum
704 2735 873 2801 infantium
887 2737 989 2802 instar
1003 2736 1053 2801 lac
1067 2756 1185 2818 purum
1199 2737 1384 2801 desiderent
1398 2736 1540 2800 oblatum

315 2838 335 2884 a
352 2819 496 2900 Christo,
524 2840 544 2885 a
568 2840 630 2901 quo
654 2822 774 2901 templo
796 2840 854 2887 suo
878 2823 1037 2903 spirituali
1052 2827 1089 2886 ut
1102 2823 1227 2902 lapides
1242 2821 1355 2889 inserti
1371 2827 1447 2885 sunt
1462 2821 1540 2886 etin

313 2906 468 2986 populum
483 2913 627 2970 sanctum
644 2912 677 2970 et
692 2907 828 2972 electum
844 2908 994 2988 acquisiti
1009 2909 1037 2986 1,
1055 2908 1168 2987 13-2,
1186 2909 1235 2971 10.

399 2990 549 3056 Generah
563 2991 683 3056 monito
698 2992 891 3072 praemisso,
914 2998 951 3055 ut
968 2993 1140 3057 Christiani
1156 2998 1310 3072 tanquam
1325 2991 1488 3072 peregrini
1509 2991 1539 3054 in

312 3075 363 3139 his
377 3076 474 3140 terris
487 3081 520 3140 et
534 3075 661 3141 accolae
676 3095 696 3140 a
711 3077 892 3141 carnalibus
916 3077 1083 3142 desideriis
1105 3078 1301 3142 abstinentes
1325 3076 1537 3141 conversatio·

312 3162 385 3224 nem
403 3161 488 3225 inter
508 3165 620 3241 gentes
641 3161 674 3224 in
694 3161 823 3226 laudem
842 3162 905 3227 Dei
927 3162 1067 3227 habeant
1088 3163 1219 3240 bonam,
1245 3161 1422 3241 Apostolus
1451 3161 1538 3226 addit

312 3252 502 3327 praecepta,
524 3263 607 3325 quae
622 3265 680 3325 pro
697 3246 823 3311 diversa
838 3248 924 3311 vitae
940 3248 1119 3312 conditione
1134 3252 1209 3312 sunt
1224 3248 1441 3326 observanda,
1461 3246 1538 3312 etin

313 3331 420 3412 specie
435 3331 503 3411 agit
518 3330 558 3394 de
574 3329 686 3395 officiis
702 3331 920 3411 subditorum,
942 3351 1107 3398 servorum
1123 3335 1356 3414 conjugumque
1371 3333 1408 3412 2,
1426 3331 1537 3409 11—3,

313 3417 362 3480 12.
378 3452 421 3460 -
435 3415 525 3479 Haec
540 3415 568 3478 si
583 3416 762 3495 observent,
777 3435 869 3481 nemo
885 3417 931 3481 eis
946 3437 1021 3482 vere
1036 3417 1177 3495 nocebit;
1200 3417 1326 3482 etiamsi
1341 3423 1430 3482 recte
1445 3437 1538 3499 agen·

312 3500 399 3565 tibus
414 3500 601 3580 patiendum
618 3505 711 3580 esset,
727 3501 760 3565 in
776 3500 912 3566 salutem
926 3503 987 3566 hoc
1002 3504 1048 3567 eis
1064 3503 1227 3583 contingit.
1252 3502 1426 3566 Christiani
1442 3503 1536 3567 hono-

297 3584 438 3650 ·rifieent
454 3584 633 3664 Christum,
656 3587 764 3667 parati
779 3605 906 3667 semper
920 3587 962 3651 ad
978 3588 1133 3652 rationem
1148 3588 1345 3651 reddendam
1360 3586 1438 3652 fidei
1452 3606 1536 3666 suae,

315 3675 348 3733 et
363 3669 555 3733 conscientie
569 3670 653 3734 bona
668 3671 924 3735 adversariorum
940 3673 1080 3736 canusia
1096 3671 1296 3736 confundant.
1329 3671 1381 3735 Ad
1396 3671 1538 3752 patiendi

313 3753 577 3834 promtitudinem
593 3755 711 3819 excitat
726 3756 905 3836 exemplum
921 3756 1056 3836 Christi,
1084 3757 1139 3838 qui
1158 3756 1308 3823 innocens
1328 3762 1476 3822 mortuus
1492 3761 1538 3822 est

314 3984 458 4038 multitudo
470 3984 563 4052 ingens
575 3984 648 4038 haud
660 3987 770 4054 perinde
782 3990 810 4040 in
822 3989 932 4042 crimine
943 3989 1067 4054 incendii,
1080 4004 1159 4056 quam
1171 3989 1231 4044 odio
1242 3989 1352 4043 humani
1361 3991 1469 4058 generis
1479 4006 1537 4044 con·

313 4053 377 4107 victi
390 4057 464 4118 sunt;
478 4057 504 4104 et
515 4054 689 4120 pereuntibus
702 4055 792 4109 addita
804 4056 927 4122 ludibria,
940 4064 970 4110 ut
981 4057 1098 4111 ferorum
1111 4058 1194 4126 tergis
1207 4058 1320 4111 contecti
1329 4058 1434 4112 laniatu
1444 4074 1538 4112 canum

314 4121 463 4185 interirent,
481 4127 528 4173 aut
541 4121 664 4174 crucibus
677 4121 759 4186 affixi,
776 4129 823 4176 aut
835 4123 997 4191 flammandi,
1016 4131 1103 4192 atque,
1119 4127 1166 4179 ubi
1183 4126 1325 4179 defecisset
1337 4125 1403 4191 dies,
1421 4127 1450 4179 in
1462 4141 1537 4179 usum
1612 4139 1615 4148 ⁴

313 4189 437 4243 nocturni
449 4188 556 4241 luminis
569 4194 718 4243 urerentur.
742 4191 839 4244 Hortos
853 4208 914 4245 suos
927 4193 952 4246 ei
964 4193 1117 4260 spectaculo
1127 4193 1200 4247 Nero
1211 4193 1353 4258 obtulerat,
1375 4200 1402 4247 et
1415 4195 1536 4248 Circense

316 4256 450 4321 ludicrum
466 4255 562 4310 edebat
580 4257 673 4310 habitu
690 4258 798 4326 aurigae
813 4261 962 4327 permixtus
978 4261 1050 4330 plebi
1067 4261 1109 4314 vel
1130 4262 1263 4315 curriculo
1282 4257 1418 4316 irisistens.
1454 4261 1537 4324 Unde,

315 4339 475 4392 quamquam
492 4323 621 4378 adversus
639 4331 728 4378 sontes
747 4333 774 4379 et
790 4328 934 4381 novissima
954 4329 1078 4397 exempla
1098 4330 1219 4394 meritos,
1240 4329 1376 4383 miseratio
1396 4330 1536 4392 oriebatur,

314 4397 440 4459 tanquam
458 4407 511 4446 non
529 4393 644 4446 utilitate
661 4393 781 4460 publici,
803 4394 850 4448 scd
868 4396 896 4448 in
915 4397 1053 4450 saevitiam
1069 4397 1148 4451 unius
1165 4399 1394 4452 absumerentur.“
1431 4397 1535 4451 Sueten.

313 4459 477 4581 Ξὲἷὲᾖῗᾶὲίξὶ
484 4480 490 4512 :
515 4459 635 4525 „Afflicti
647 4461 785 4552 suppliciis
799 4463 951 4530 Ch1istiani,
963 4481 1047 4532 genus
1059 4465 1195 4520 hominum
1208 4465 1405 4533 superstitionis
1417 4480 1499 4520 novae
1511 4469 1537 4518 et
