3356 5176
777 281 1039 344 ..14-

298 453 375 532 erit,
397 471 461 516 non
476 469 494 516 e
509 449 625 516 scholis
648 450 777 532 quidem
792 456 850 515 aut
864 470 902 516 en
918 451 1117 516 eruditorum
1131 449 1235 530 libris,
1251 450 1309 514 sed
1324 470 1342 516 e
1356 449 1530 532 frequente

298 556 370 602 cum
384 536 565 603 hominibus
580 537 704 619 graecis
719 537 878 602 consortio
894 537 1019 602 hausta.
1063 536 1108 600 Ut
1123 536 1207 601 enim
1221 535 1299 600 nihil
1319 536 1467 602 dicamus
1488 537 1530 601 de

297 623 479 705 linguarum
494 623 586 702 dono,
603 641 666 703 quo
680 627 766 688 teste
781 641 805 687 s.
822 623 983 703 scriptura
997 642 1059 688 non
1079 627 1205 686 tantum
1219 621 1375 703 Apostoli,
1396 622 1458 688 s'ed
1474 621 1530 686 alii

245 710 248 715 ’
299 728 427 790 quoque
443 708 616 773 Christiani
631 709 771 789 praediti
786 714 887 788 erant,

386 830 413 893 1.
442 828 589 893 Christus
603 828 688 892 viros
703 827 832 910 linguae
847 847 982 910 graecae
996 827 1090 910 plane
1105 827 1233 910 ignaros
1249 847 1288 893 ne
1304 832 1379 910 apte
1395 827 1530 909 quidem

299 913 418 997 eligere
431 915 591 996 potuisset
607 913 763 994 evangehi
777 915 810 978 in
824 919 893 979 toto
908 918 1068 979 terrarum
1084 915 1162 978 orbe
1176 932 1361 995 praecones.

381 1034 410 1099 2.
439 1033 460 1098 J
462 1053 488 1098 o.
507 1035 556 1113 12,
573 1035 623 1098 20.
646 1033 787 1098 hellenes
809 1034 940 1114 quidam
955 1033 1075 1098 adiisse
1089 1034 1241 1114 legrmtur
1255 1033 1441 1115 Philippum
1455 1033 1529 1113 Ap,

299 1121 393 1201 eique
407 1120 601 1186 desiderium
617 1138 711 1183 suum
725 1139 797 1184 cum
812 1119 833 1184 J
835 1139 892 1185 esu
904 1120 1104 1200 colloquendi
1115 1117 1349 1199 manifestasse;
1364 1120 1446 1184 item
1456 1119 1530 1182 Act.

299 1225 323 1270 c.
342 1207 390 1269 10.
414 1206 532 1270 Petrus
553 1205 643 1269 brevi
662 1211 736 1287 post
751 1205 937 1270 effusionem
953 1206 1092 1286 Spiritus
1107 1223 1131 1269 s.
1150 1204 1327 1270 Caesareae
1344 1204 1530 1270 Cornelium

299 1293 515 1356 centurionem
529 1295 696 1370 totamque
712 1292 780 1372 ejus
794 1290 948 1356 fumidam
962 1292 1004 1355 ad
1020 1291 1183 1356 Christum
1199 1291 1394 1356 convertisse
1416 1309 1530 1354 narra-

298 1382 360 1456 tur,
377 1377 454 1458 quin
463 1377 648 1457 interpretis
658 1377 777 1442 mentio
788 1375 854 1441 fiat.
879 1376 959 1442 Cum
965 1377 1032 1458 jam
1043 1377 1123 1442 haec
1133 1377 1262 1458 linguae
1272 1395 1408 1458 graecae
1419 1376 1454 1440 in
1466 1375 1530 1440 illis

298 1463 462 1544 Apostolis
478 1463 616 1544 cognitio
631 1481 694 1526 non
708 1468 746 1527 ut
759 1463 829 1528 Act.
845 1464 897 1543 22,
917 1463 946 1526 2.
961 1463 994 1526 in
1009 1462 1110 1528 Paulo
1125 1462 1180 1526 illa
1194 1461 1364 1528 hebraicae
1378 1467 1416 1526 ut
1431 1480 1530 1542 pecu-

298 1549 378 1612 liare
393 1549 471 1629 quid
485 1553 759 1628 repraesentetur:
778 1549 875 1614 etiam
895 1547 1035 1630 reliquos
1049 1548 1222 1630 Apostolos
1242 1547 1371 1630 linguae
1389 1565 1530 1629 graecae

299 1653 416 1716 gnaros
430 1632 530 1698 fuisse
543 1653 607 1698 non
621 1640 741 1700 temere
757 1635 963 1700 concluditur.

384 1755 413 1818 3.
443 1752 534 1818 Hanc
556 1754 747 1818 sententiam
768 1752 934 1819 confirmat
954 1753 1124 1835 peculiaris
1139 1753 1367 1835 Apostolorum
1388 1758 1422 1818 et
1437 1751 1477 1816 N.
1494 1752 1529 1816 T.

299 1844 467 1904 auctorum
483 1839 635 1918 conditio;
656 1859 730 1904 nam
744 1839 863 1919 Lucae,
878 1840 1021 1904 medicus
1035 1839 1266 1920 antiochenus,
1289 1859 1352 1904 non
1367 1840 1475 1903 minus
1492 1857 1529 1902 ac

298 1925 428 2006 Paulus,
444 1925 554 2005 Tarso,
571 1924 701 1991 Ciliciae
715 1926 885 2007 metropoli
899 1925 1052 1990 oriundus
1068 1930 1101 1990 et
1115 1926 1274 2004 eruditus,
1289 1926 1371 1989 hanc
1384 1924 1530 2006 linguam

300 2012 459 2093 cognitam
472 2010 624 2076 habuisse
639 2016 726 2076 recte
742 2012 897 2090 creditum
913 2012 1110 2091 Matthaeus,
1126 2011 1216 2092 prius
1230 2012 1369 2092 portitor
1384 2010 1530 2091 Caphar-

298 2098 423 2176 naumi,
455 2096 511 2160 ubi
535 2097 628 2161 multi
654 2098 820 2179 regionum
844 2097 1020 2162 vicinarum
1045 2097 1167 2162 incolae
1193 2097 1299 2178 graeci
1324 2103 1529 2162 mercaturae

301 2201 399 2247 causa
414 2181 630 2261 confluebant;
657 2183 799 2262 Marcus,
825 2182 918 2246 Pauli
932 2184 1070 2264 primum
1092 2187 1125 2247 et
1138 2183 1321 2262 Barnabae,
1348 2182 1423 2246 dein
1439 2181 1529 2246 Petri

299 2287 357 2349 per
383 2268 530 2349 regiones
560 2286 694 2349 graecas
722 2268 846 2332 itineris
877 2287 999 2349 comes,
1030 2275 1063 2334 et
1088 2268 1243 2348 Joannes,
1274 2268 1329 2349 qui
1357 2269 1390 2332 in
1416 2269 1530 2332 Asiam

300 2354 454 2418 minorem
474 2352 696 2433 ecclesiarum,
718 2354 890 2436 praecipue
904 2354 1088 2436 Ephesinae
1108 2355 1188 2419 abiit
1207 2359 1314 2419 rector
1335 2372 1373 2417 ac
1387 2352 1530 2435 praesul,

299 2439 428 2520 linguae
443 2457 578 2521 graecae
592 2439 687 2521 plane
701 2439 805 2521 ignari
820 2441 954 2522 cogitari
968 2441 1056 2504 haud
1071 2444 1214 2522 possunt.

385 2559 415 2622 4.
438 2559 574 2624 Etiamsi
583 2558 623 2623 ab
632 2559 722 2624 initio
732 2559 846 2640 exigua
854 2558 968 2625 firisset
977 2559 1032 2624 illa
1042 2560 1170 2641 hnguae
1179 2579 1314 2642 graecae
1324 2560 1358 2624 in
1369 2559 1530 2624 nonnullis

301 2643 339 2708 N.
356 2645 391 2708 T.
407 2644 593 2708 auctoribus
609 2645 764 2726 cognitio,
784 2646 864 2710 haec
879 2651 986 2711 tamen
1001 2646 1041 2710 ab
1058 2646 1121 2726 eis,
1144 2653 1317 2727 antequam
1332 2645 1433 2710 libros
1454 2662 1530 2710 suos

302 2731 492 2810 scriberent,
517 2729 653 2794 multum
673 2731 785 2812 augeri
800 2750 837 2795 ac
852 2729 961 2813 perfici
976 2733 1098 2813 potuit,
1121 2731 1185 2796 imo
1201 2731 1329 2811 debuit,
1357 2750 1430 2796 cum
1444 2733 1530 2796 inter

302 2836 413 2881 eorum
427 2816 625 2881 vocationem
642 2821 674 2882 et
688 2817 843 2882 hbromm
857 2817 895 2882 N.
909 2817 943 2882 T.
961 2816 1132 2883 editionem
1147 2817 1271 2899 longius
1286 2819 1443 2898 temporis
1456 2835 1528 2898 spa-

300 2903 381 2967 tium
398 2907 483 2968 esset
497 2903 735 2984 interpositum,
759 2908 791 2969 et
805 2902 867 2984 ipsi
881 2903 949 2968 iere
964 2923 1073 2970 omnes
1087 2923 1146 2985 per
1160 2904 1220 2968 hoc
1242 2909 1369 2984 tempus
1389 2904 1423 2968 in
1444 2905 1528 2984 ejus-

301 2990 388 3053 modi
402 2995 608 3054 versarentur
622 2989 815 3071 regionibus,
831 2989 886 3054 ubi
900 2988 1009 3073 lingua
1023 3009 1139 3072 graeca
1155 2995 1226 3054 erat
1239 2989 1419 3055 vernacula.

386 3109 438 3172 Ad
452 3110 482 3172 2.
512 3109 550 3173 N.
567 3109 602 3172 T.
625 3115 774 3175 auctores
797 3127 910 3173 revera
932 3127 1047 3190 graece
1069 3109 1252 3190 scripsisse,
1276 3110 1391 3174 docent
1413 3109 1529 3172 Patres

303 3202 335 3258 et
350 3194 524 3274 scriptores
540 3194 760 3275 ecclesiastici,
781 3197 939 3274 q'uatenus
954 3200 992 3258 ut
1006 3194 1167 3275 pecuhare
1182 3195 1260 3276 quid
1274 3196 1420 3274 tradunt,
1445 3194 1529 3258 Mat-

302 3279 433 3344 thaeum
449 3277 656 3360 evangelium,
673 3287 706 3344 et
717 3278 853 3344 Paulum
868 3279 1037 3361 epistolam
1052 3281 1094 3344 ad
1104 3280 1270 3346 Hebraeos
1286 3281 1436 3345 hebraice
1451 3277 1529 3344 scri-

302 3366 414 3446 psisse.
449 3365 501 3428 Sic
519 3365 733 3428 Tertullianus
747 3366 946 3430 versionibus
965 3365 1073 3430 latinis
1088 3367 1207 3447 ubique
1230 3367 1361 3447 opponit
1375 3382 1528 3447 graecum

302 3451 521 3516 authenticum
537 3449 735 3532 (originale),
759 3457 791 3516 et
805 3477 830 3514 e.
844 3453 1056 3536 Hieronymus
1069 3453 1103 3517 in
1117 3451 1316 3533 praefatione
1331 3453 1373 3516 ad
1388 3457 1529 3532 quatuor

304 3535 467 3618 evangelia
489 3536 615 3601 scribit:
638 3535 704 3618 „Si
719 3549 822 3600 autem
841 3539 955 3600 veritae
975 3550 1019 3600 aet
1038 3538 1219 3623 quaaraudc
1239 3538 1452 3622 deplorabas,
1473 3557 1528 3598 cur

303 3645 364 3684 uou
380 3620 425 3685 ud
434 3644 583 3706 praecum
597 3622 747 3708 magicam
761 3635 941 3686 reuertentes
957 3646 1008 3705 aa,
1032 3645 1113 3707 quaa
1126 3623 1176 3686 uel
1189 3647 1211 3684 a
1223 3623 1342 3686 octabus
1357 3617 1527 3708 ruurprea'·

304 3707 360 3770 bus
374 3708 458 3770 mula
471 3705 606 3786 reddata,
622 3706 672 3770 cat
685 3731 707 3769 a
716 3709 983 3792 proacupatoribus
997 3709 1151 3792 a‘rnparu'tals
1166 3708 1330 3772 emendata
1339 3707 1526 3793 parvaredus,

303 3792 353 3855 cel
366 3815 387 3855 a
402 3791 639 3855 dermrtauutus
654 3792 796 3856 librariis
809 3806 864 3856 cut
879 3792 992 3857 additu
1005 3807 1078 3857 aaut
1095 3807 1151 3858 aut
1169 3807 1304 3876 mutatu,
1324 3788 1528 3880 corriperetur?

304 3878 413 3962 Neque
433 3899 485 3963 apo
507 3876 545 3940 da
563 3879 660 3940 catari
676 3879 714 3941 de'
771 3891 798 3941 to
817 3879 1030 3960 auocamento,
1054 3879 1092 3944 da
1110 3901 1186 3942 uoco
1207 3892 1383 3943 testamento
1407 3880 1526 3964 loquar,

304 3961 389 4048 quod
399 3985 548 4050 praecum
563 3985 627 4026 assa
641 3987 703 4027 aaa
740 3964 847 4027 ubc‘um
862 3962 940 4028 aet“.
953 3967 963 4010 1

375 4272 442 4395 lee
454 4271 562 4342 linguae
573 4283 686 4339 graecae
697 4268 726 4323 in
737 4267 771 4324 N.
785 4269 815 4325 T.
828 4270 904 4326 libris
916 4269 1005 4326 indole
1022 4268 1071 4325 cfr.
1084 4270 1209 4326 Auctoris
1225 4271 1390 4328 hermeneut.
1403 4271 1450 4328 III.
1463 4265 1525 4326 edit.

304 4355 364 4411 pag.
412 4384 418 4394 .
432 4357 504 4410 seqq.
