3364 5156
819 310 1103 374 -192-

724 529 727 536 ’
855 585 862 594 .
900 529 927 612 ξ.
948 531 1017 598 130.

587 667 635 716 De
647 665 809 716 scribendi
820 666 914 718 modo
929 679 953 718 s.
965 668 1072 718 Lucae
1084 668 1121 718 ln
1135 669 1326 730 evermsselio.¹

434 818 514 904 (ium
528 787 647 884 'Lucas
676 819 781 884 omnia
810 824 959 886 accurate
992 825 1215 903 perscrutatus
1244 827 1331 890 esset
1358 842 1379 889 a
1406 824 1559 905 principio,

348 905 515 970 historiam
529 910 598 969 tum
613 904 736 969 ambitu
751 909 783 970 et
798 905 909 971 ordine
923 905 1161 988 perfectiorem,
1182 913 1252 972 tum
1266 909 1399 992 singuiis
1413 909 1559 991 adjunctis

348 991 528 1056 accuratius
544 991 789 1056 determinatam
804 991 944 1057 scribere
958 993 1077 1073 potuit,
1093 998 1126 1059 et
1140 992 1239 1059 talem
1252 1014 1315 1061 non
1329 1000 1455 1060 tantum
1469 995 1559 1060 Theo·

345 1077 432 1158 philo
447 1077 603 1158 promisit,
620 1076 678 1142 sed
693 1077 790 1141 etiam
804 1095 918 1142 revera
933 1078 1140 1144 concinnavit.
1184 1079 1267 1144 Nam

432 1163 460 1226 1.
483 1161 627 1228 ascendit
647 1180 750 1242 usque
771 1162 1112 1230 adannunciationem
1134 1164 1312 1230 sauvitatis
1331 1166 1465 1232 Joannis
1478 1166 1513 1230 Β.
1533 1171 1559 1230 61

346 1254 479 1312 eventus
498 1247 705 1329 prosequitur
726 1264 829 1328 usque
850 1248 892 1313 ad
908 1247 1027 1314 Christi
1046 1251 1079 1314 in
1098 1249 1221 1315 coelum
1236 1252 1468 1331 ascensionem,
1494 1252 1559 1316 dum

346 1333 530 1400 Matthaeus
545 1332 743 1415 evangehum
758 1352 851 1398 suum
865 1353 886 1399 a
901 1335 1105 1416 conceptione
1120 1335 1141 1400 J
1143 1355 1201 1400 esu
1216 1337 1392 1417 exorditur,
1408 1338 1532 1402 Marcus
1544 1355 1559 1400 a

344 1418 477 1484 Joannis
490 1420 527 1484 B.
549 1419 694 1500 proditu;
716 1419 768 1484 hic
789 1419 918 1500 quidem
937 1421 1133 1486 assumtione
1149 1420 1269 1487 Christi
1288 1423 1321 1488 in
1343 1422 1468 1488 coelum
1489 1421 1558 1501 finit,

344 1504 398 1570 ille
423 1524 498 1570 vero
523 1510 696 1586 praecepto
721 1504 849 1570 Domini
870 1505 1034 1587 Apostohs
1059 1507 1136 1572 dato
1162 1507 1300 1573 abeundi
1324 1508 1358 1573 in
1384 1508 1557 1574 universum

235 1593 239 1602 '
345 1594 504 1656 terrarum
519 1590 638 1656 orbem.

427 1677 457 1741 2.
478 1677 583 1741 Lucas
603 1695 666 1741 non
679 1680 804 1740 tantum
826 1676 928 1741 multa
948 1675 1051 1758 facta,
1074 1678 1132 1744 sed
1155 1678 1252 1744 etiam
1273 1678 1382 1760 plures
1404 1679 1558 1744 doctrinas

343 1761 364 1826 J
366 1780 424 1827 esu
437 1762 616 1844 pecuhares
630 1761 737 1827 habet.
766 1763 818 1827 Ad
832 1762 888 1826 illa
901 1782 971 1845 ug.
983 1766 1113 1845 praeter
1126 1763 1293 1830 historiam
1307 1763 1463 1832 infantiae
1477 1783 1559 1830 accu-

342 1848 496 1914 ratiorem
513 1849 693 1930 pertinent:
716 1848 737 1913 J
738 1867 796 1914 esu
816 1849 1022 1914 commoratio
1036 1848 1238 1916 Nazarethae
1252 1850 1283 1931 4,
1300 1850 1454 1930 16-30.;
1477 1851 1560 1916 mira-

343 1933 452 1999 culosa
465 1933 601 2016 piscium
616 1938 750 2016 captura
760 1933 857 1999 Petro
874 1951 1025 2000 concessa
1034 1934 1065 2015 5,
1078 1936 1208 2016 1-11,;
1223 1936 1428 2002 resuscitatio
1441 1937 1559 2018 iuvenis

341 2019 493 2086 Nainitici
509 2020 538 2100 7,
559 2020 712 2100 11-17.;
736 2020 845 2085 unctio
868 2020 948 2085 Jesu
970 2039 990 2085 a
1010 2021 1188 2102 peccatrice
1208 2026 1341 2102 peracta
1364 2022 1392 2102 7,
1414 2023 1559 2100 ace-504

340 2104 408 2171 fere
428 2111 557 2186 cuncta,
580 2124 664 2186 quae
684 2123 705 2170 a
724 2106 754 2188 9,
774 2106 912 2187 51-18,
931 2106 981 2170 14.
1005 2104 1172 2188 legtmtur3
1196 2107 1338 2172 narratio
1360 2107 1401 2172 de
1423 2108 1560 2174 Zachaeo
1659 2125 1660 2150 1

341 2191 362 2255 J
363 2192 527 2256 erichunte
544 2192 594 2272 19,
610 2192 638 2254 1.
655 2209 760 2273 seqq.;
779 2191 874 2272 plura
888 2193 929 2256 de
943 2190 1092 2272 passione
1107 2198 1141 2257 61
1155 2193 1196 2258 de
1210 2192 1468 2274 apparitionibus
1483 2194 1503 2260 J
1504 2212 1559 2258 esu.

340 2277 429 2341 Inter
443 2276 604 2342 doctrinas
619 2277 640 2342 J
642 2295 700 2342 esu
713 2277 820 2342 Lucae
834 2277 982 2358 proprias
1004 2276 1191 2344 referendae
1205 2276 1285 2360 {sunt
1305 2284 1438 2359 praeter
1453 2279 1560 2344 oratio·

340 2381 413 2428 nem
428 2367 640 2443 campestrem
655 2363 685 2444 6,
699 2363 750 2428 20.
766 2381 854 2444 seqq.
870 2363 978 2443 plures
992 2363 1167 2443 parabolae
1181 2364 1382 2446 praeclarae:
1402 2365 1445 2429 de
1462 2366 1560 2432 Sama-

340 2449 444 2514 ritano
459 2449 666 2514 misericorde
678 2449 728 2529 10,
740 2449 790 2513 25.
803 2467 901 2529 seqq,
917 2449 958 2513 de
972 2446 1035 2513 ficu
1049 2447 1173 2514 fructus
1187 2470 1250 2516 non
1264 2449 1387 2516 ferente
1403 2450 1455 2532 13,
1468 2452 1560 2529 6-9,

339 2534 381 2600 de
394 2532 459 2599 filio
474 2534 601 2615 perdito
619 2534 668 2614 15,
686 2535 734 2599 11.
751 2552 853 2616 seqq,
877 2535 918 2600 de
932 2534 1036 2600 villico
1051 2535 1160 2616 iniquo
1176 2537 1227 2618 16,
1244 2537 1271 2600 1.
1292 2554 1391 2616 seqq,
1412 2536 1455 2602 de
1471 2537 1559 2601 divite

340 2628 374 2685 et
392 2638 535 2701 paupere
550 2620 600 2700 16,
618 2620 769 2702 19-31,
796 2620 837 2684 de
855 2620 964 2702 judice
986 2620 1259 2702 dur018,1--8.,
1283 2622 1324 2687 de
1338 2621 1514 2688 Pharisaeo
1535 2627 1561 2685 et

338 2706 496 2786 portitore
512 2706 676 2771 orantibus
690 2706 723 2771 in
737 2705 857 2787 templo
873 2706 923 2786 18,
936 2706 1060 2786 9-14,
1075 2707 1117 2770 de
1132 2707 1243 2774 decem
1257 2707 1350 2772 minis
1367 2707 1417 2787 19,
1432 2707 1559 2772 11-27,

337 2825 380 2836 —-
392 2791 530 2857 Omissio
545 2792 694 2874 plurium,
710 2811 793 2874 quae
807 2792 1004 2857 aMatthaeo
1018 2797 1051 2856 et
1061 2793 1170 2858 Marco
1185 2797 1366 2872 narrantur,
1380 2793 1457 2858 inde
1469 2793 1559 2874 616111-
1658 2811 1659 2820 ’

337 2882 444 2959 catur,
467 2878 554 2959 quod
568 2880 672 2943 Lucas
691 2879 810 2960 partim
825 2877 941 2944 similia
960 2896 1092 2944 narrare
1112 2880 1213 2944 evitat
1227 2878 1269 2960 (v.
1285 2897 1315 2959 g.
1330 2878 1434 2944 altera
1450 2879 1559 2944 cibatio
1658 2877 1659 2908 ¹

336 2965 465 3043 turbae,
479 2964 582 3030 altera
597 2965 618 3030 J
619 2983 677 3030 esu
692 2964 898 3030 commoratio
913 2963 1115 3028 Nazarethae
1130 2969 1163 3030 61
1177 2965 1280 3030 altera
1294 2964 1429 3047 unctio),
1446 2965 1558 3045 partim

336 3050 428 3114 Pauli
443 3049 714 3130 praedicationem
728 3050 931 3131 potissimum
946 3055 1075 3114 secutus
1099 3054 1163 3131 est,
1186 3050 1305 3132 partim
1326 3050 1452 3116 ethnico
1462 3086 1476 3096 -
1486 3050 1558 3116 chri-

336 3137 513 3201 stianorum
527 3137 651 3201 ratione
666 3136 778 3200 habita
792 3155 831 3200 ea
846 3135 986 3200 scribere
1001 3137 1294 3202 non'necessarium
1308 3135 1409 3214 duxit,
1425 3155 1510 3216 quae
1523 3135 1558 3199 ad

304 3221 311 3266 ἵ
335 3222 479 3287 «Iudaeos
501 3227 594 3286 natos
615 3222 751 3286 maxime
774 3221 964 3302 spectabant
987 3220 1029 3300 (u.
1045 3241 1074 3303 g.
1096 3221 1199 3287 oratio
1221 3226 1372 3287 montana
1386 3222 1444 3286 Mt.
1460 3221 1556 3298 e-t,
1657 3253 1658 3258 κ

335 3308 477 3374 severior
491 3306 738 3372 Pharisaeorum
754 3313 786 3371 et
800 3307 1059 3388 legisperitorum
1072 3307 1249 3388 increpatio
1263 3307 1321 3370 Mt.
1338 3307 1455 3388 c.‘23.).

419 3395 449 3460 3.
471 3393 510 3458 In
521 3391 618 3458 factis
631 3392 817 3474 copulandis
827 3393 967 3455 ordinem
978 3393 1226 3478 chronolopicam
1241 3393 1396 3473 sequitur,
1411 3397 1557 3470 attamen,

334 3485 371 3543 ut
382 3480 449 3560 jam
465 3498 483 3544 e
496 3478 764 3562 praecedentibus
778 3482 879 3559 patet,
894 3496 956 3542 non
972 3477 1174 3558 strictiorem,
1190 3479 1248 3544 sed
1263 3478 1387 3543 nonnisi
1401 3478 1555 3553 latiorem

334 3584 408 3629 nam
421 3565 511 3629 ihum
527 3565 676 3630 exhibere
691 3569 760 3629 tum
782 3563 885 3629 solum
905 3563 1078 3645 potuisset,
1102 3565 1129 3629 si
1151 3564 1243 3646 plene
1267 3564 1454 3629 exhaustam
1478 3564 1556 3628 vitae

334 3650 415 3715 Jesu
437 3650 556 3716 Christi
581 3651 749 3716 historiam
775 3650 974 3730 scripsisses
1000 3648 1098 3714 talem
1122 3669 1197 3716 vero
1222 3667 1280 3714 nec
1306 3649 1368 3714 sibi
1394 3647 1557 3729 proposuit

334 3735 419 3816 (Act.
436 3739 464 3816 1,
481 3738 508 3799 1.
524 3739 601 3824 περὶ
615 3735 778 3818 πάντων),
795 3754 853 3800 nec
868 3735 1035 3800 scribendo
1050 3754 1110 3817 par
1123 3734 1238 3800 firisset
1253 3733 1336 3815 (coll.
1353 3734 1403 3799 16.
1419 3735 1470 3815 21,
1487 3733 1555 3813 hb).

335 3821 484 3887 Studium
496 3821 751 3904 chronologicum
762 3823 867 3886 Lucas
878 3819 1062 3886 manifestat
1076 3840 1139 3887 non
1154 3820 1257 3886 solum
1272 3827 1400 3900 tempus
1412 3823 1555 3885 accurate

334 3906 592 3988 determinando,
615 3926 678 3989 quo
701 3907 841 3972 ioannes
854 3907 892 3970 B.
915 3912 947 3971 et
969 3906 1058 3971 breui
1079 3911 1154 3987 post
1175 3907 1271 3972 lesus
1293 3905 1419 3986 pubhce
1441 3903 1555 3986 prodiit

333 3993 378 4075 (3,
392 3994 420 4057 1.
432 3994 461 4057 2.
475 3993 551 4075 23.),
567 3993 625 4058 sed
640 3994 736 4058 etiam
752 3993 879 4057 diversa
893 3993 914 4058 J
917 4011 974 4058 esu
987 3991 1104 4058 itinera
1117 3991 1409 4073 Hierosolymitana
1424 4007 1554 4056 comme-

332 4079 502 4162 morando,
525 4083 562 4142 ut
578 4077 606 4160 7,
623 4079 672 4143 11.
688 4097 776 4161 seqq.
797 4077 865 4144 coll.
888 4096 959 4143 cum
979 4078 1074 4159 165,
1092 4078 1119 4142 1.
1136 4096 1238 4159 seqq.;
1265 4077 1339 4142 dein
1358 4077 1388 4154 9,
1403 4077 1454 4140 51.
1470 4091 1553 4154 seqq.

333 4165 402 4232 coll.
418 4184 444 4232 c.
460 4164 510 4230 1ο.
527 4164 555 4246 7,
572 4165 600 4230 1.
617 4183 721 4247 seqq.;
735 4184 831 4248 porro
848 4164 898 4246 13,
913 4164 964 4229 22.
980 4181 1068 4246 seqq.
1084 4163 1152 4229 coll.
1169 4183 1194 4229 c.
1211 4162 1260 4228 16.
1279 4163 1328 4242 10,
1343 4163 1406 4242 22,
1422 4165 1454 4226 61
1469 4157 1553 4224 deni-
1655 4169 1656 4172 ’

333 4270 396 4333 que
412 4252 462 4332 17,
479 4251 529 4315 11.
553 4254 586 4316 61
608 4251 657 4332 18,
673 4251 724 4316 31.
747 4250 815 4317 coll.
836 4269 862 4316 c.
883 4250 1149 4330 J0.12,1.seqq.
1194 4249 1359 4328 Statuere,
1384 4248 1504 4313 Lucam
1523 4241 1553 4306 in

333 4338 479 4404 omnibus
493 4337 572 4402 locis
594 4337 702 4403 citatis
724 4338 765 4402 de
785 4355 849 4402 uno
865 4337 1041 4417 eodemque
1055 4336 1135 4400 Jesu
1155 4335 1286 4414 itinere,
1312 4337 1345 4398 et
1366 4334 1494 4416 quidem
1515 4328 1553 4392 de

401 4553 411 4584 ¹
429 4547 496 4603 cra:
520 4544 570 4598 Die
582 4539 693 4598 Einheit
705 4540 752 4594 des
764 4537 1058 4620 Lucas-Erangeliums
1069 4552 1119 4618 von
1131 4536 1233 4605 Joseph
1245 4535 1355 4616 tirimm.
1378 4529 1550 4600 Regensburg

333 4619 408 4675 1863.
432 4617 561 4688 Opuseuh
572 4613 654 4682 hujus
666 4609 818 4681 nuperrime
828 4607 958 4679 puhhcatr
970 4624 1035 4664 tuus
1046 4606 1106 4662 fierr
1117 4621 1170 4661 non
1181 4609 1275 4674 potmt.
