3314 5166
642 320 928 385 -125-

731 624 760 707 §-
783 623 834 692 83.

348 761 368 812 1.
386 761 480 814 Libri
491 761 534 814 N.
546 762 581 813 T.
594 763 666 813 octo
678 759 761 812 viris
770 761 906 812 diversis
919 761 1076 824 originem
1087 763 1217 817 debent.

255 915 291 980 Si
304 915 445 980 indolem
467 914 623 980 librorum
637 914 676 978 N.
693 915 728 978 T.
751 918 950 996 spectamus,
972 915 1052 980 nihil
1073 917 1188 982 adesse
1208 917 1397 1001 invenimus,

157 1018 221 1064 cur
246 999 307 1151 νεὲ
322 1000 469 1082 pluribus
491 1000 543 1066 vel
563 999 785 1081 paucioribus,
812 1017 909 1080 quam
932 1007 1004 1066 octo
1026 1001 1213 1066 auctoribus
1233 1003 1398 1072 tribuendi

155 1086 238 1150 sint.
307 1085 339 1151 ic
1123 1093 1126 1099 '

255 1173 285 1235 1.
308 1169 485 1256 hlraapelia
499 1171 563 1247 oio
570 1172 688 1256 probra
701 1189 764 1235 non
775 1174 901 1235 tantum
911 1189 983 1235 cum
993 1176 1119 1252 quarto,
1135 1174 1302 1239 sedetiam
1312 1175 1398 1241 inter

155 1256 352 1322 seinvicem
368 1256 484 1321 collata
499 1255 580 1320 adeo
596 1254 748 1320 differrmt
770 1274 894 1337 rerum,
917 1257 958 1321 de
980 1256 1097 1338 quibus
1119 1263 1236 1340 agunt,
1259 1258 1396 1341 delectu,

153 1342 379 1423 dispositione
395 1347 428 1406 ct
438 1341 641 1421 tractatione,
656 1359 752 1421 porro
765 1341 848 1422 stylo
861 1345 893 1406 ct
904 1342 1140 1422 quodammodo
1151 1344 1266 1409 saltem
1276 1343 1395 1428 lingua,

153 1435 194 1492 ut
210 1427 324 1492 tribus
339 1426 527 1492 auctoribus
542 1426 683 1491 adscribi
698 1426 845 1492 debeant.
890 1427 1069 1492 Discedunt
1084 1446 1103 1492 a
1119 1429 1304 1494 seinvicem

251 1512 288 1594 o)
310 1513 515 1575 maceriarum
531 1511 658 1575 delecto.
682 1512 735 1577 Sic
750 1512 865 1591 omnia,
884 1530 968 1592 quae
982 1514 1015 1577 in
1029 1514 1127 1579 tertio
1143 1515 1307 1596 evangelio
1324 1533 1348 1578 c.
1366 1517 1395 1580 1.

154 1603 190 1664 et
205 1597 240 1661 2.
258 1598 301 1663 de
316 1597 532 1678 conceptione,
547 1597 717 1662 nativitate
733 1601 765 1662 et
779 1595 914 1662 infantia
929 1598 950 1663 J
952 1598 1063 1662 oannis
1077 1598 1114 1662 B.
1131 1604 1163 1664 et
1174 1601 1195 1664 J
1197 1618 1264 1680 esu,
1280 1605 1313 1664 et
1327 1597 1395 1666 fere

153 1689 290 1762 cuncta,
307 1701 391 1764 quae
406 1701 426 1746 a
441 1701 466 1747 c.
484 1682 618 1746 12-19.
634 1681 826 1762 reseruntur,
843 1682 947 1747 eidem
957 1683 1134 1764 pecuharia
1146 1690 1236 1764 sunt;
1254 1685 1395 1750 continet

150 1773 336 1850 praeterea
350 1768 460 1849 plures
474 1767 660 1848 parabolas
676 1785 760 1848 quae
775 1768 807 1831 in
822 1767 955 1847 reliquis
970 1769 1204 1833 desiderantur.
1248 1769 1395 1852 Evange-

150 1853 241 1918 lium
256 1853 398 1934 primum
411 1853 572 1934 longiores
586 1853 761 1933 praecipue
774 1852 894 1917 Christi
910 1871 1072 1917 sermones
1084 1853 1246 1934 describit,
1262 1860 1295 1918 et
1306 1855 1344 1919 V.
1357 1855 1392 1920 T.

146 1939 274 2004 citatis
296 1937 455 2017 abundat,
479 1937 555 2002 dum
578 1938 753 2004 secundum
775 1938 912 2002 maxime
933 1937 1027 2002 iactis
1043 1957 1217 2019 eorumque
1232 1939 1394 2020 adjunctis

150 2024 208 2089 vel
226 2023 371 2088 minimis
386 2021 585 2088 delineandis
608 2027 800 2102 occupatur,
826 2023 1019 2087 narrationis
1040 2023 1167 2087 initium
1189 2024 1393 2104 aBaptistae

148 2109 298 2192 proditu
312 2109 444 2189 repetit,
461 2113 494 2172 et
508 2107 677 2189 pauciores
693 2107 813 2172 Christi
827 2127 989 2173 sermones
1003 2108 1240 2189 parabolasque
1255 2109 1392 2175 exhibet.

149 2195 302 2260 Diversa
316 2199 391 2258 sunt
404 2193 489 2258 inter
504 2196 574 2278 salz-

247 2280 283 2361 b)
312 2279 421 2342 ordrbe
442 2292 471 2342 er
491 2301 541 2342 rec
564 2277 726 2340 oceano·
743 2276 833 2340 modo
855 2278 953 2342 etiam
973 2278 1007 2342 in
1032 2277 1095 2342 illis
1120 2277 1285 2359 partibus,
1311 2282 1392 2360 qu'as

148 2365 285 2430 habent
299 2381 491 2428 communes.
535 2363 573 2427 In
588 2363 751 2444 evangeHo
766 2363 869 2443 primo
888 2363 1053 2443 probatur,
1076 2364 1182 2428 omnia
1197 2365 1341 2429 evenisse
1358 2365 1393 2429 in

149 2450 172 2515 J
174 2469 241 2516 esu
259 2447 398 2528 Christo,
414 2467 498 2529 quae
513 2449 553 2513 de
568 2448 689 2512 Messia
702 2449 736 2513 in
747 2448 784 2512 V.
797 2448 832 2511 T.
846 2455 937 2512 erant
947 2449 1123 2530 praedicta,
1138 2449 1277 2529 ideoque
1290 2454 1392 2519 matc-

148 2535 227 2600 riae
244 2551 345 2614 saepe
359 2534 407 2597 ita
422 2534 651 2613 disponuntur,
674 2538 711 2597 ut
730 2529 872 2598 affinitas
891 2552 1002 2598 earum
1023 2534 1190 2614 postulare
1211 2533 1391 2599 videbatur.

149 2619 345 2686 Secundum
361 2618 560 2698 evangelium
573 2619 607 2682 in
622 2618 845 2682 connectendis
861 2619 995 2700 singulis
1011 2619 1249 2684 narrationibus
1261 2638 1392 2685 accura-

147 2705 224 2770 tius
249 2703 396 2784 quidem,
423 2703 695 2784 quamprimum,
722 2703 843 2767 ordinis
865 2704 1079 2786 chronologici
1101 2704 1258 2769 rationem
1277 2705 1392 2784 habet3

148 2794 306 2855 attamen
319 2787 432 2852 nullibi
447 2792 592 2869 apertam
608 2789 762 2868 temporis
778 2789 1075 2853 determinationem
1091 2789 1205 2854 adfert.
1245 2789 1392 2871 Evange-

148 2875 238 2940 lium
253 2874 388 2938 tertium
402 2892 517 2938 nexum
532 2873 789 2954 chronologicum
805 2877 955 2938 accurate
970 2878 1094 2952 servat,
1110 2878 1252 2938 attamen
1267 2875 1392 2941 nonnisi

147 2961 318 3037 latiorem,
328 2963 498 3022 eventuum
507 2959 853 3038 quorumdamtempus
861 2957 1062 3037 determinat,
1071 2958 1262 3039 diversaque
1272 2958 1391 3022 Christi

148 3046 278 3111 itinera
293 3043 548 3124 Hierosolymam
563 3046 714 3123 suscepta
727 3042 839 3106 innuit.
872 3041 1033 3107 Differunt

248 3127 280 3209 c)
302 3127 382 3211 stylo
397 3141 425 3191 et
440 3128 560 3213 linqua.
590 3127 692 3192 Tertii
707 3127 862 3208 evangehi
876 3127 974 3192 dictio
990 3145 1106 3209 graeca
1119 3127 1230 3208 purior
1246 3133 1304 3208 est,
1319 3126 1390 3190 ubi-

150 3231 288 3294 cumque
304 3216 418 3276 auctor
430 3231 451 3277 a
465 3211 607 3276 lontibus
621 3211 780 3276 hebraicis
794 3211 845 3276 vel
865 3211 1073 3278 hellenisticis
1092 3231 1155 3276 non
1177 3212 1389 3292 dependebat.

148 3298 261 3365 Primi
277 3297 433 3378 evangelii
447 3298 556 3378 hngua
571 3297 734 3378 originalis
748 3296 899 3361 hebraica
914 3302 998 3377 erat,
1019 3298 1092 3361 hinc
1107 3302 1140 3362 et
1154 3297 1258 3362 versio
1273 3313 1391 3378 graeca

150 3388 291 3450 exstans
305 3382 488 3461 hebraixat3
504 3383 635 3447 secundi
650 3381 747 3446 dictio
764 3385 797 3446 et
808 3381 910 3462 stylus
923 3383 1127 3464 simplicitate
1139 3400 1197 3446 sua
1208 3383 1250 3446 ad
1261 3381 1390 3462 genium

148 3467 324 3534 idiomatis
339 3467 481 3532 hebraici
495 3467 639 3547 proxime
654 3466 786 3532 accedit.
825 3467 933 3542 Quare
947 3469 1012 3532 tria
1026 3467 1136 3547 priora
1151 3466 1317 3548 evangelia
1331 3466 1389 3530 tri·

149 3554 220 3619 bus
235 3552 423 3616 auctoribus
438 3552 573 3617 diversis
588 3551 760 3617 tribuenda
774 3555 857 3615 sunt.

245 3637 455 3722 annpeb'cm
471 3650 616 3720 quartam
635 3637 730 3717 plane
744 3635 920 3715 peculiaria
939 3634 1055 3714 reiert3
1076 3654 1150 3699 nam
1171 3640 1302 3715 praeter
1322 3640 1390 3700 tres

149 3722 209 3788 vel
225 3725 367 3803 quatuor
380 3721 552 3786 relationes
566 3741 608 3786 ne
622 3722 799 3803 quidquam
813 3739 886 3784 cum
896 3721 1058 3800 prioribus
1070 3739 1235 3785 commune
1246 3720 1389 3800 exhibet3

149 3806 361 3872 narrationes
384 3824 459 3870 suas
477 3806 571 3887 juxta
593 3807 720 3872 diversa
733 3805 850 3869 itinera
864 3825 884 3870 a
900 3805 1028 3870 Christo
1042 3805 1297 3886 Hierosolymam
1318 3823 1389 3870 sus-

152 3896 255 3974 cepta
281 3891 437 3972 disponit,
465 3896 498 3955 et
522 3892 662 3957 dictione
686 3890 834 3954 vividiori
855 3891 981 3955 eminet.
1025 3890 1201 3972 Evangelia
1223 3891 1390 3972 synoptico

153 3977 177 4042 J
179 3995 274 4042 esum
289 3977 493 4058 potissimum
506 3975 541 4040 iu
556 3975 702 4041 Galilaea
718 3975 885 4040 docentem
900 3979 1112 4056 egentemque
1135 3976 1269 4053 sistunt3
1293 3993 1389 4055 quar-

152 4067 229 4126 tum
244 4080 321 4126 vero
332 4062 503 4125 maximam
514 4065 640 4141 partem
654 4080 692 4126 ea
702 4063 822 4139 namot,
838 4079 921 4140 quae
932 4060 1163 4142 Hierosolymis
1175 4061 1250 4124 etin
1262 4059 1389 4124 Judaca

153 4150 349 4225 evenerunq
364 4146 420 4213 illa
434 4163 598 4211 sermones
609 4146 630 4210 J
632 4165 689 4211 esu
703 4144 877 4226 praecipue
891 4145 1022 4226 ethicos,
1036 4146 1098 4210 hoc
1112 4145 1215 4227 magis
1230 4144 1388 4224 dogmati-

153 4248 213 4296 cos
229 4230 468 4312 complectitur3
490 4230 600 4311 priora
614 4231 635 4296 J
637 4249 694 4296 esu
710 4229 900 4310 dignitatem
914 4231 1106 4295 messianam
1120 4229 1229 4310 potius
1252 4247 1271 4292 e
1292 4226 1388 4292 factis

153 4316 228 4397 ejus
242 4314 384 4397 fatisque
406 4315 610 4396 conspicuam
632 4317 786 4394 reddunt3
812 4315 873 4380 hoc
896 4314 1129 4394 sublimiorem,
1155 4313 1296 4378 divinam
1318 4312 1388 4393 cJus

153 4405 308 4465 natiuam
330 4419 349 4465 e
371 4399 571 4466 sermonibus
597 4401 714 4467 clarius
740 4401 948 4480 spectandam
973 4400 1116 4480 praehet.
1138 4433 1181 4443 —-
1204 4396 1285 4462 Cum
1310 4415 1387 4479 ergo

153 4490 250 4550 tanta
272 4486 316 4550 sit
336 4486 464 4551 diverso
485 4491 636 4566 respectu
657 4490 798 4568 quatuor
819 4483 1056 4567 evangeliorum
1078 4482 1266 4563 diversitas,
1287 4483 1389 4547 mani-

153 4568 277 4635 festum
299 4575 365 4651 est,
390 4571 531 4637 indolem
552 4589 663 4638 eorum
688 4586 822 4653 prorsus
848 4570 1098 4638 consentientem
1124 4586 1196 4634 esse
1221 4567 1388 4634 traditioni
