3428 5180
634 295 919 360 -269—

717 514 744 595 s.
766 477 835 579 ra.

219 653 268 702 De
281 651 450 711 utriusque
465 650 619 712 epistolae
630 650 671 702 ad
684 650 868 702 corinthios
879 652 1105 713 destinatione,
1119 656 1287 706 authentia
1300 659 1333 706 et

633 749 703 786 can.
716 737 921 788 auctoritate.

249 889 395 970 Utraque
418 890 460 953 ad
483 888 664 953 Corinthios
684 889 829 970 epistola,
852 895 889 954 ut
906 889 1049 956 innuitur
1071 892 1102 955 in
1118 892 1142 955 Ι,
1160 893 1188 972 1,
1203 893 1233 956 2.
1250 899 1283 958 et
1305 894 1390 960 clare

160 975 323 1040 indicatur
337 976 370 1039 in
384 975 425 1037 Il.
443 977 470 1053 1,
489 978 525 1053 1,,
541 974 684 1054 proxime
699 975 829 1054 quidem
846 975 1027 1056 Corinthiis,
1045 977 1139 1040 simul
1154 997 1228 1042 vero
1241 979 1388 1044 omnibus

162 1060 354 1125 Christianis
376 1059 517 1124 Achaiae
539 1060 700 1123 destinata
723 1067 801 1124 erat.
847 1061 928 1125 Cum
950 1063 1032 1126 enim
1054 1063 1166 1143 religio
1188 1062 1308 1129 Christi
1330 1065 1390 1129 Co-

162 1147 270 1210 rintho
282 1149 519 1226 propagaretur
529 1146 561 1208 in
572 1145 754 1209 universam
765 1146 928 1225 Achaiam,
945 1147 1097 1212 ecclcsiae
1106 1145 1191 1213 fihae
1204 1167 1276 1213 cnm
1287 1156 1391 1216 matre

162 1231 294 1296 arctiori
312 1231 345 1294 in
364 1249 447 1296 nexu
467 1230 654 1308 manebant,
678 1231 811 1310 ejusque
826 1236 862 1294 ut
877 1232 1047 1312 virtutum,
1070 1233 1117 1296 ita
1132 1234 1229 1297 etiam
1245 1253 1391 1300 errorum

162 1337 200 1382 ae
222 1316 374 1380 vitiorum
395 1316 498 1396 magis
517 1316 660 1379 minusve
679 1317 854 1396 participes
875 1323 974 1382 erant.
1020 1318 1201 1394 quodcum
1215 1319 1391 1400 Apostolus

162 1409 360 1482 supponeret
382 1406 439 1464 aut
462 1401 595 1466 edoctus
618 1401 724 1486 sciret,
747 1401 882 1466 alteram
898 1403 1067 1484 epistolam
1081 1405 1246 1484 „omnibns
1260 1407 1389 1488 canona,

163 1489 223 1572 qni
234 1500 307 1550 sacnt
319 1487 353 1550 in
367 1487 515 1550 caeterea
529 1486 687 1560 notaca‘t
702 1486 877 1552 inscribere
892 1508 954 1552 non
969 1489 1150 1553 haesitavit.
1441 1543 1442 1546 η

250 1571 302 1634 Dc
317 1570 478 1635 authentia
493 1585 520 1635 ct
536 1573 689 1635 canonica
705 1573 889 1636 auctoretate
907 1574 1022 1637 harum
1043 1574 1251 1654 epistolarum
1271 1575 1393 1639 nullum

161 1676 305 1738 unquam
319 1657 509 1721 monebatur
524 1656 671 1735 dubium;
687 1657 719 1719 in
735 1657 876 1721 ecclesiis
896 1659 978 1722 enim
997 1659 1107 1722 statim
1121 1677 1159 1722 ac
1174 1660 1391 1739 innotuerunt,

162 1744 205 1807 ad
220 1742 382 1822 publicam
396 1743 644 1822 praelectionem
659 1742 921 1821 admittebantur,
938 1751 971 1808 et
985 1747 1115 1822 praeter
1131 1744 1293 1825 catalogos
1305 1745 1343 1808 N.
1355 1745 1390 1809 T.

162 1829 319 1893 librorum
342 1829 462 1893 eisdem
485 1828 641 1891 disertum
663 1827 881 1891 testimonium
903 1829 1042 1892 reddunt
1061 1829 1227 1909 Irenaeas,
1251 1829 1392 1893 Clemens

161 1913 217 1978 Al.
234 1919 269 1979 et
285 1913 527 1992 Τανιαῖίαάααα,1
550 1917 583 1976 et
598 1912 640 1976 ad
655 1912 781 1992 singula
796 1930 907 1977 earum
923 1913 1019 1978 effata
1034 1913 1119 1978 clare
1134 1913 1293 1979 alludunt:
1327 1914 1392 1978 Cle-

161 2021 250 2062 rnens
262 1999 365 2078 Rom„
380 2022 404 2064 a.
417 1997 627 2081 Polycarpum,
643 1997 800 2075 Jaatanas,
816 1999 946 2081 apastola
963 1999 1008 2062 ad
1016 1999 1204 2085 Dc‘oqnetnnc
1220 2013 1248 2062 et
1260 2024 1285 2062 s.
1297 2002 1391 2084 ana-
1420 1998 1422 2002 ’

162 2085 251 2147 n'aa2
280 2083 415 2148 Accedit
428 2082 647 2148 testimonium
663 2083 895 2163 gravissimum,
912 2085 998 2165 quod
1012 2085 1135 2164 primae
1152 2085 1307 2164 epistolae
1318 2104 1391 2166 per-

160 2169 274 2234 hibent
302 2168 441 2232 Clemens
464 2168 630 2231 Romanas
656 2180 682 2230 et
707 2167 940 2252 Polycarpns.³
983 2171 1072 2234 Inter
1096 2171 1184 2249 ipsos
1213 2171 1391 2235 haereticos
1477 2191 1483 2202 ·

161 2255 313 2317 Marcion
329 2266 357 2316 et
378 2251 561 2318 Valennnna
576 2271 648 2316 cum
663 2252 794 2324 asseclis
811 2254 877 2318 suis
893 2259 1064 2335 utramque
1079 2263 1276 2336 receperunt.

525 2474 560 2572 6)
587 2473 750 2568 Epistola
774 2473 821 2546 ad
837 2475 1031 2548 Romanos.

719 2643 746 2724 s.
767 2644 839 2712 ns.

596 2779 643 2828 De
657 2779 792 2831 ecclesia
804 2781 960 2832 Romana.

250 2931 396 2996 Ecclesia
411 2931 557 2994 Romana
571 2944 718 3015 ternpore,
735 2955 794 3014 quo
810 2956 833 2994 a
850 2932 973 2996 Paulae
989 2931 1033 2995 ad
1047 2957 1115 2996 eant
1129 2935 1265 3018 sarnai,

253 3019 281 3082 1.
304 3039 468 3080 αααααοαα
484 3029 552 3079 erat
568 3015 632 3096 (16,
648 3018 677 3081 3.
694 3018 812 3098 seqq),
836 3021 869 3082 et
883 3016 947 3082 fide
962 3023 1061 3098 atque
1076 3018 1257 3084 obedientia
1273 3019 1393 3099 ubique

162 3104 309 3168 locorum
325 3102 518 3166 inclaruerat
535 3100 578 3180 (1,
594 3101 622 3164 8.
648 3102 697 3181 16,
714 3102 793 3183 19.);

248 3191 278 3252 2.
309 3211 348 3251 eac
370 3187 504 3250 Jndneo-
527 3199 555 3249 ct
576 3185 888 3270 ataicoetn'saaaa,
912 3199 1048 3252 attamen
1072 3187 1251 3273 eptnn'bas
1273 3189 1391 3270 boram,

163 3297 261 3358 qnam
281 3273 407 3335 illoram
431 3272 607 3353 constatura
630 3292 703 3336 nam
717 3274 747 3352 4,
766 3275 792 3336 1.
810 3292 897 3353 seqq.
922 3273 950 3353 7,
968 3274 995 3336 1.
1012 3292 1100 3354 seqq.
1144 3274 1319 3354 Apostolus
1334 3274 1392 3337 Ju-

163 3357 448 3435 daeochristianos‚
472 3362 505 3421 et
526 3357 575 3436 11,
598 3358 646 3422 13.
671 3358 988 3423 ethnicochristianos
1011 3359 1199 3439 alloquitur3
1222 3366 1393 3439 praeterea

162 3444 302 3509 lectores
322 3443 418 3523 hujus
438 3443 593 3522 epistolae
611 3444 638 3522 1,
653 3442 683 3506 6.
700 3444 728 3507 6.
747 3445 795 3508 13.
817 3443 929 3522 tenore
949 3445 1139 3510 adnumerat
1161 3450 1193 3509 et
1211 3446 1258 3522 16,
1277 3444 1324 3508 16.
1343 3444 1391 3508 16.

159 3530 214 3610 jus
231 3529 293 3592 sibi
307 3533 421 3608 utpote
436 3528 579 3608 gentium
594 3528 749 3608 Apostolc
765 3529 887 3608 tribuit,
910 3530 1060 3594 Romanis
1075 3529 1207 3594 liberius
1223 3529 1391 3594 scribendi.

163 3613 309 3677 Ecclesia
325 3615 414 3677 Rom.
428 3619 501 3676 erat
857 3651 858 3656 κ
1483 3622 1487 3628 ’

250 3700 279 3762 3.
302 3699 483 3760 accercitus
498 3697 605 3760 edocta
622 3719 732 3761 novant
746 3699 859 3762 salatia
874 3701 1082 3763 oeconomiam
1089 3724 1100 3780 ,·
1123 3700 1240 3765 etenim
1255 3700 1393 3780 Aposto-

235 3953 244 3982 1
263 3947 289 4001 S.
302 3949 429 4001 Irenaeus
442 3947 500 4001 adv.
512 3948 585 4001 haer.
599 3949 647 4010 lll.
662 3950 699 4003 t:
718 3949 794 4016 Quod
806 3956 896 4002 autem
909 3950 1009 4020 dicunt,
1022 3958 1114 4020 aperte
1125 3953 1240 4006 Paulum
1253 3952 1393 4006 dixissem

164 4017 285 4070 secunda
296 4017 330 4069 ad
343 4015 505 4070 Corinthios:
518 4015 549 4068 ln
562 4017 657 4083 quibus
670 4017 744 4070 Deus
757 4024 806 4072 etc.
822 4019 866 4084 (ΙΙ.
880 4018 938 4072 Cor.
951 4019 976 4084 4,
988 4020 1033 4086 4.).
1076 4073 1078 4076 .

267 4085 390 4138 Clemens
398 4083 441 4136 Al.
453 4089 571 4137 stromm.
583 4085 629 4138 IV.
641 4085 681 4139 16.
695 4085 747 4154 τὴν
759 4089 790 4140 δὲ
801 4086 899 4155 κοινὴν
912 4090 1096 4144 διδασκαλίαν
1109 4091 1156 4156 τῆς
1167 4095 1289 4148 πίστεως
1299 4087 1333 4142 ὀσ
1357 4086 1393 4156 ὴν

160 4151 448 4275 cuninae
458 4151 723 4278 tinterna
729 4153 1107 4277 erraneam
1117 4155 1176 4222 a..
1183 4156 1218 4208 ¹1·
1226 4155 1285 4209 ⁰⁰f·
1296 4156 1320 4221 2’
1330 4109 1392 4223 tl·

233 4293 244 4324 ²
262 4288 386 4344 Clemens
397 4236 474 4342 noir.
488 4303 528 4356 ep.
541 4289 562 4340 l.
576 4289 611 4343 ad
623 4290 682 4346 Cor.
696 4309 718 4346 c.
731 4290 773 4344 47.
919 4265 925 4288 ’

233 4361 242 4392 ³
260 4357 400 4426 Polycarp.
410 4372 454 4425 ep.
467 4356 502 4409 ad
513 4356 629 4426 Philipp.
642 4375 664 4412 c.
678 4362 731 4414 11.:
756 4359 815 4424 „An
832 4359 979 4424 nescimus,
996 4358 1058 4427 quia
1075 4360 1161 4412 sancti
1178 4358 1306 4413 mundum
1317 4359 1390 4426 judi-

161 4427 281 4480 cabunt?
299 4427 369 4480 sicut
384 4425 486 4479 Paulus
503 4425 582 4479 docet
596 4428 627 4494 (I.
641 4428 699 4481 Cor.
713 4429 740 4492 6,
758 4431 804 4494 2.).
828 4425 883 4480 Cfr.
899 4427 962 4481 ibid.
981 4443 1042 4480 cum
1053 4428 1087 4481 Π.
1101 4427 1159 4481 Cor.
1172 4428 1201 4492 6,
1220 4428 1244 4481 l.
1258 4427 1392 4482 tustinus

161 4494 268 4562 apolog.
286 4495 306 4547 I.
325 4511 347 4547 c.
367 4495 407 4548 13.
423 4525 456 4534 —
468 4493 556 4561 Epist.
573 4495 607 4548 ad
624 4496 747 4564 Diognet.
765 4495 793 4547 in
809 4494 910 4548 Justini
926 4497 1051 4616 operibus
1068 4496 1131 4550 edit.
1144 4496 1228 4550 Paris.
1241 4513 1267 4564 p.
1280 4497 1340 4550 420.
1365 4496 1392 4550 S.

161 4564 250 4632 Ignat.
264 4578 305 4631 ep.
319 4563 354 4616 ad
365 4562 466 4632 Ephes.
480 4577 503 4616 c.
516 4563 540 4616 2.
554 4568 581 4616 et
593 4579 616 4618 c.
629 4565 653 4618 5.
666 4563 727 4618 coll.
740 4579 763 4618 c.
776 4563 796 4615 Ι.
811 4563 869 4616 Cor.
883 4563 934 4628 1,1
955 4605 960 4617 .
974 4566 1037 4630 etl,
1051 4565 1091 4618 18.
1106 4580 1177 4632 seqq.
