3314 5166
632 284 699 290 ,-
743 248 895 313 31-

148 415 267 495 effecit,
292 426 330 480 ut
349 417 475 483 Alcuini
496 417 676 483 emendatio
697 418 729 482 in
749 419 899 484 universa
915 419 1019 484 Gallia
1039 426 1072 486 et
1093 420 1265 486 Germania
1285 423 1376 488 adhi-

149 500 315 580 beretur,1
338 507 370 567 et
389 503 514 585 aptiore
535 511 643 568 textus
664 504 818 568 divisione
834 512 931 585 atque
947 505 1202 586 interpunctione
1218 526 1374 572 commen-

147 585 289 650 daretur.
334 587 448 653 Fuisse
462 587 595 652 hlcuino
612 588 777 653 consilium
798 597 921 654 textum
942 609 965 654 s.
981 589 1167 671 Hieronymi
1189 611 1226 656 ex
1246 593 1374 674 optimis

148 670 313 736 codicibus
333 673 539 753 restituendi,
561 674 635 738 inde
655 679 761 759 patet,
783 676 875 754 quad.
891 675 990 740 codex
1005 676 1231 742 vallicellanus
1252 683 1374 742 textum

146 755 273 820 Alcuini
303 759 454 823 exhibens
483 759 694 839 praemissam
722 759 821 824 habet
856 759 1024 840 epistolam
1058 780 1081 825 s.
1112 761 1298 844 Hieronymi
1332 765 1374 828 ad

131 840 338 922 'Damasum
366 851 398 908 et
428 863 445 908 e
470 845 708 924 comparatione
733 845 828 925 hujus
855 845 973 910 codicis
999 864 1070 910 cum
1096 852 1201 926 textu,
1227 867 1322 928 quern
1348 867 1373 914 s.

146 925 361 1008 Hieronymus
386 929 419 992 in
450 931 676 994 commentario
703 931 734 994 in
761 949 808 994 ev.
835 930 993 995 Matthaei
1019 931 1109 995 etin
1138 933 1306 1012 epistolam
1331 934 1374 998 ad

144 1010 281 1076 Galatas
297 1019 527 1094 repraesentat.

231 1123 293 1186 Ast
307 1143 347 1189 ne
361 1143 444 1189 nunc
459 1125 589 1205 quidem
598 1124 721 1189 hhrarii
732 1125 892 1191 cautiores
902 1125 1006 1205 fixere3
1021 1146 1095 1191 nam
1107 1146 1189 1192 saec.
1202 1129 1255 1192 XI.
1269 1129 1373 1194 denuo

145 1208 322 1273 necessitas
338 1210 568 1275 emendationis
584 1229 656 1274 sese
671 1210 819 1289 obtrusit,
836 1211 912 1292 quia
926 1217 975 1276 tot
986 1210 1053 1276 fere
1066 1213 1258 1293 exemplaria
1272 1222 1372 1292 erant,

145 1297 225 1372 quot
241 1293 375 1359 codices,
405 1295 553 1377 Suscepit
568 1313 639 1359 eam
654 1295 872 1380 Laafraacac,
888 1297 1147 1378 archiepiscopus
1164 1297 1373 1363 Cantuarien-

144 1377 205 1456 sis,
227 1378 283 1458 qui
299 1379 335 1443 V.
352 1386 385 1444 et
399 1379 430 1442 N
432 1431 438 1442 .
455 1381 489 1444 T.
505 1380 619 1460 libros,
642 1399 683 1445 ss.
699 1381 833 1445 Patrum
849 1401 947 1462 opera
962 1389 996 1446 et
1011 1383 1131 1464 scripta
1145 1383 1295 1464 liturgica
1310 1404 1372 1449 non

144 1463 240 1527 moda
254 1463 325 1543 ipse
341 1465 534 1545 emendavit,
556 1466 614 1530 sed
629 1466 726 1531 etiam
742 1467 915 1546 discipulos
930 1486 1006 1532 suos
1021 1468 1063 1531 ad
1079 1468 1214 1533 eundem
1229 1468 1372 1534 laborem

143 1549 430 1699 provocavitssnec
444 1551 675 1614 nonhb‘coloas
693 1551 878 1614 Oardzboh's
894 1553 986 1617 1150.
996 1556 1008 1595 ³
1020 1559 1052 1618 et
1064 1552 1240 1636 Stephanae
1253 1553 1373 1619 Cister-

143 1632 295 1698 tiensium
308 1653 329 1698 a
374 1640 440 1699 as.4
1105 1674 1108 1680 ·

230 1745 340 1810 Serius
355 1746 526 1811 societates
541 1747 710 1828 religiosae
725 1751 833 1815 textus
848 1747 938 1811 latini
953 1748 1088 1828 puritati
1103 1748 1321 1813 restituendae
1334 1767 1372 1813 ac

142 1831 321 1895 servandae
335 1831 541 1912 invigilarunt
556 1832 602 1896 sic
617 1832 711 1896 dictis
727 1833 936 1897 correctoriis.
962 1833 1270 1908 Correctoriaerant
1285 1834 1371 1897 codi-

142 1932 196 1978 ces
217 1914 322 1994 latini,
349 1917 538 1997 inquorum
558 1917 701 1998 margine
722 1917 953 1982 exhibebantur
972 1917 1125 1982 lectiones
1146 1917 1306 1982 variantes
1333 1936 1371 1981 ex

141 1998 214 2063 aliis
229 2002 456 2082 manuscriptis
470 2002 587 2081 latinis,
604 2021 621 2066 e
637 2001 770 2066 Patrum
785 2002 892 2066 citatis
909 2010 941 2066 et
957 2021 974 2066 6
989 2007 1080 2066 textu
1095 2002 1241 2082 originali
1256 2002 1370 2067 collec-

142 2091 205 2164 tae,
223 2104 295 2150 cum
310 2087 542 2168 approbatione
557 2087 607 2151 vel
622 2088 846 2167 reprobatione
862 2088 1057 2168 conjunctae,
1073 2094 1242 2168 praeterea
1256 2106 1370 2152 vocum
1393 2140 1394 2143 η

141 2175 174 2233 et
190 2172 423 2236 sententiarum
449 2172 634 2252 divisiones
663 2192 721 2237 nec
736 2192 798 2236 non
813 2174 1047 2253 proprietatum
1069 2173 1251 2236 criticarum
1271 2172 1370 2254 expli-

141 2256 294 2320 cationes.
339 2257 482 2322 Primum
498 2258 726 2321 correctorium
741 2276 823 2322 anno
841 2259 933 2322 1230.
955 2277 1026 2322 cum
1047 2257 1278 2340 approbatione
1294 2258 1370 2322 Gal-

141 2339 204 2404 liae
218 2341 377 2421 primatis
392 2343 624 2422 archiepiscopi
640 2343 838 2422 Senonensis,
856 2343 956 2407 edidit
967 2343 1167 2408 Universitas
1179 2342 1369 2408 Parisiensis

142 2425 173 2487 in
188 2444 283 2490 usum
299 2428 510 2507 studentium,
534 2428 567 2491 in
582 2446 645 2508 qua
665 2427 922 2508 frequentissime
943 2433 1114 2493 occurrunt
1133 2429 1368 2508 expressiones:

142 2509 223 2589 „Est
238 2510 276 2574 de
291 2523 384 2591 tecta,
400 2535 462 2575 aaa
477 2525 521 2575 eat
536 2512 573 2575 de
589 2524 680 2589 teratu,
695 2536 770 2575 nero
784 2526 828 2575 cst
843 2513 1046 2596 la'tera,falsa
1062 2525 1106 2576 est
1121 2512 1245 2575 litero.“
1271 2514 1369 2577 Aliud

143 2596 370 2660 concinnarunt
385 2597 584 2662 Daminicani
595 2597 728 2682 jubente
746 2598 882 2680 Hugone
897 2617 916 2662 a
932 2617 955 2662 s.
976 2597 1086 2678 Carne,
1102 2598 1243 2679 generali
1259 2618 1369 2663 eorum

144 2686 175 2744 et
190 2682 293 2746 serius
311 2681 487 2761 Cardinali,
503 2683 591 2746 aliud
603 2682 821 2763 Franciscani,
838 2682 925 2747 aliud
938 2682 1149 2747 Carthnsiani.
1162 2684 1367 2749 —Attamen

140 2765 228 2830 hisce
243 2766 408 2832 laboribus
423 2787 527 2849 neque
548 2766 751 2832 conformitas
771 2773 879 2832 textus
901 2774 950 2832 est
970 2767 1097 2846 effecta,
1118 2786 1222 2848 neque
1242 2770 1367 2848 puritas

142 2852 302 2931 restituta,
319 2853 394 2933 quia
410 2858 558 2917 auctores
573 2850 673 2916 firmis
688 2852 852 2932 principiis
868 2853 986 2917 criticis
1002 2852 1150 2916 destituti
1161 2872 1219 2932 pro
1232 2854 1366 2918 arbitrio

159 3041 345 3048 ——-———

210 3159 218 3189 ¹
237 3155 322 3222 Capit.
334 3171 406 3224 regg.
419 3155 516 3208 Franc.
529 3155 575 3208 VI.
587 3155 659 3208 ‘illa
684 3152 830 3219 „Volumus
850 3160 877 3206 et
887 3154 926 3206 ita
937 3154 1026 3208 missis
1037 3153 1135 3206 nastris
1148 3153 1275 3207 mandare
1287 3140 1365 3222 prae·

143 3223 268 3290 cepimus,
286 3229 316 3275 ut
327 3223 355 3276 in
367 3223 488 3276 ecclesiis
499 3223 561 3276 libri
573 3223 692 3276 canonici
704 3238 812 3276 veraces
823 3223 998 3275 habeantur.“
1020 3254 1052 3261 -
1072 3223 1104 3276 In
1116 3221 1228 3290 praefat.
1241 3223 1269 3275 in
1280 3223 1364 3275 hami-

142 3290 245 3344 liarinm
257 3291 285 3343 in
297 3307 376 3344 usum
388 3291 454 3345 cleri
465 3291 660 3358 praescriptum
674 3290 750 3344 dicit:
769 3292 870 3358 „igitur
881 3291 943 3358 qnia
955 3305 1033 3344 curae
1045 3291 1120 3344 nobis
1134 3296 1183 3355 est,
1196 3297 1226 3343 ut
1238 3290 1364 3344 ecclesia·

142 3375 199 3411 rum
216 3365 369 3412 nostrarum
387 3359 421 3412 ad
439 3359 550 3412 meliora
567 3374 673 3426 semper
691 3359 812 3426 proficiat
829 3366 928 3424 status,
950 3359 1117 3412 obliteratam
1136 3374 1220 3427 paene
1232 3359 1364 3411 malorum

143 3434 290 3481 nostrorum
303 3427 406 3481 desidia
417 3442 543 3495 reparare
555 3426 683 3495 vigilandi
694 3428 782 3482 studia
794 3428 940 3496 satagimus
950 3427 1091 3491 officinam,
1101 3434 1128 3480 et
1137 3427 1171 3479 ad
1180 3426 1364 3494 pernoscenda

144 3510 275 3549 sacrorum
292 3495 420 3549 librorum
438 3495 527 3549 studia
544 3502 635 3549 nostra
652 3495 732 3548 etiam
751 3512 801 3564 quo
818 3511 959 3564 possumus
975 3495 1117 3548 invitamus
1136 3494 1271 3562 exempla,
1293 3496 1364 3548 inter

142 3579 206 3630 quae
215 3564 389 3632 jampridem
401 3565 538 3617 universos
547 3563 579 3616 V.
593 3569 621 3616 et
628 3563 662 3616 N.
673 3563 703 3616 T.
716 3561 798 3617 libras
811 3564 979 3616 librariorum
991 3563 1054 3615 vitio
1067 3562 1233 3629 depravatas,
1245 3563 1302 3616 Dea
1315 3579 1363 3617 nos

142 3630 167 3683 in
178 3633 300 3686 omnibns
313 3631 464 3700 adjuvante,
476 3633 639 3685 examussim
652 3632 841 3684 correximus.“

206 3704 216 3735 ²
233 3700 298 3753 Vita
309 3699 454 3754 Lanfranci
465 3700 494 3753 in
506 3716 565 3768 opp.
578 3700 663 3754 Paris.
677 3701 752 3754 1648,
777 3699 915 3765 „Lectioni
931 3697 1054 3751 assiduus
1067 3703 1167 3751 etanta
1180 3698 1363 3767 episcopatum

140 3769 212 3821 etin
233 3769 397 3836 episcopatu,
420 3775 548 3836 quantum
569 3774 680 3836 potarat.
712 3768 750 3820 Et
771 3768 833 3836 quia
853 3767 1000 3834 scripturae
1022 3767 1182 3833 scriptarum
1203 3767 1267 3820 vitio
1287 3777 1364 3821 erant

142 3836 249 3889 nimium
262 3843 412 3904 camuptae,
425 3852 515 3889 amnes
527 3842 583 3890 tam
595 3836 628 3889 V.
642 3851 720 3905 quam
732 3835 765 3889 N.
779 3836 810 3888 Τ.
823 3836 913 3899 librae,
930 3850 1044 3888 necnon
1057 3835 1137 3887 etiam
1150 3835 1251 3903 scripta
1264 3851 1299 3888 ss.
1313 3836 1363 3888 Pa-

141 3909 209 3956 trum
221 3904 368 3958 secundum
381 3903 555 3958 orthodoxam
567 3904 648 3957 fidem
661 3904 764 3958 studuit
775 3905 920 3972 corrigere,
933 3910 960 3956 et
972 3903 1053 3956 etiam
1065 3902 1150 3955 multa
1162 3903 1195 3956 de
1207 3903 1257 3967 hie,
1268 3903 1363 3970 quibus

142 3972 238 4025 utimur
250 3972 293 4026 die
306 3987 338 4025 ac
349 3979 426 4025 noete
438 3973 466 4024 in
479 3973 586 4026 servitio
598 3972 734 4038 eeclesiae,
747 3972 781 4026 ad
793 3988 910 4040 unguem
922 3970 1079 4036 emendavit,
1093 3978 1120 4025 et
1131 3971 1181 4025 hoc
1193 3988 1246 4025 nan
1258 3976 1362 4023 tantum

141 4055 187 4106 per
198 4056 234 4107 se,
247 4041 295 4094 sed
307 4041 387 4094 etiarn
400 4056 449 4108 per
460 4039 609 4108 'discipulos
626 4040 698 4094 fecit.
733 4040 792 4107 Qua
809 4040 842 4093 de
861 4055 942 4094 causa
954 4041 1048 4092 merita
1060 4040 1180 4093 latinitas
1192 4048 1249 4092 tum
1261 4039 1361 4092 honore

143 4114 168 4160 et
179 4123 267 4161 amore
280 4115 424 4162 veneratur
435 4108 600 4174 magistrum.
636 4109 724 4176 Hujus
737 4108 929 4161 emendationis
942 4108 1064 4161 claritate
1077 4107 1161 4161 omnis
1174 4106 1278 4160 accidui
1289 4107 1362 4159 orbis

142 4176 251 4230 ecclesia
263 4182 318 4229 tam
330 4177 463 4244 gallicana
475 4192 555 4243 quam
566 4177 673 4244 anglica
684 4175 784 4244 gaudet
796 4192 824 4230 se
837 4192 896 4229 esse
908 4175 1111 4229 illuminatam.“

207 4249 217 4279 ³
233 4245 266 4297 In
278 4245 355 4312 epist.
368 4244 403 4297 ad
415 4244 525 4298 Petrum
538 4245 694 4298 canonicum
707 4243 739 4297 de
757 4245 925 4311 corruptione
937 4244 1178 4311 manuscriptorum
1191 4241 1361 4308 conqueritur

143 4317 169 4364 et
179 4312 248 4379 dicit,
262 4329 291 4367 se
304 4319 428 4366 canatum
440 4327 500 4366 esse
512 4311 666 4381 „superflua
678 4328 807 4376 resecare,
820 4311 1011 4365 transformata
1023 4311 1175 4375 reformare,
1185 4316 1212 4363 et
1222 4325 1254 4362 ea
1262 4308 1361 4361 addere

145 4395 240 4446 rursus,
252 4397 319 4460 quae
332 4397 348 4434 a
359 4381 587 4448 praesumtaribus
600 4387 727 4449 tanquam
739 4378 875 4448 superflua
887 4379 994 4434 fucrant
1006 4383 1159 4447 amputata“
1174 4377 1265 4446 (Apud
1276 4376 1360 4430 Hodi-

145 4462 185 4500 um
197 4449 229 4502 de
241 4449 344 4503 b1blior.
356 4450 474 4503 textibus
487 4448 551 4517 orig.
564 4466 590 4516 p.
602 4449 681 4515 lit).

207 4521 217 4551 ⁴
235 4517 288 4571 Cir.
301 4517 418 4571 Histoire
430 4518 559 4571 litteraire
571 4518 604 4570 de
617 4517 644 4570 la
655 4517 760 4570 France
774 4522 836 4569 tam.
850 4516 897 4568 IX.
910 4533 936 4584 p.
952 4516 1007 4569 123.

193 4601 412 4653 dnxrxar,1ntroa.
423 4605 447 4642 in
456 4604 483 4644 N.
494 4604 513 4642 'I'
530 4603 605 4644 libros.
856 4635 859 4640 .
1143 4601 1159 4654 6
