<?xml version="1.0" encoding="UTF-8"?>
<!DOCTYPE html PUBLIC "-//W3C//DTD XHTML 1.0 Transitional//EN"
    "http://www.w3.org/TR/xhtml1/DTD/xhtml1-transitional.dtd">
<html xmlns="http://www.w3.org/1999/xhtml" xml:lang="en" lang="en">
 <head>
  <title>
</title>
<meta http-equiv="Content-Type" content="text/html;charset=utf-8" />
  <meta name='ocr-system' content='tesseract 3.04.00' />
  <meta name='ocr-capabilities' content='ocr_page ocr_carea ocr_par ocr_line ocrx_word'/>
</head>
<body>
  <div class='ocr_page' id='page_1' title='image "./introductioinsa00gngoog_0271.png"; bbox 0 0 3364 5156; ppageno 0'>
   <div class='ocr_carea' id='block_1_1' title="bbox 763 317 1047 384">
    <p class='ocr_par' dir='ltr' id='par_1_1' title="bbox 763 317 1047 384">
     <span class='ocr_line' id='line_1_1' title="bbox 763 317 1047 384; baseline 0.004 -1"><span class='ocrx_word' id='word_1_1' title='bbox 763 317 1047 384; x_wconf 74' lang='lat'>-258--</span> 
     </span>
    </p>
   </div>
   <div class='ocr_carea' id='block_1_2' title="bbox 282 489 1545 3624">
    <p class='ocr_par' dir='ltr' id='par_1_2' title="bbox 282 489 1545 2960">
     <span class='ocr_line' id='line_1_2' title="bbox 286 489 1510 574; baseline -0.004 -17"><span class='ocrx_word' id='word_1_2' title='bbox 286 498 344 557; x_wconf 93' lang='lat' dir='ltr'><strong>aut</strong></span> <span class='ocrx_word' id='word_1_3' title='bbox 361 492 536 574; x_wconf 90' lang='lat' dir='ltr'><strong>conjugalis</strong></span> <span class='ocrx_word' id='word_1_4' title='bbox 552 491 755 572; x_wconf 91' lang='lat' dir='ltr'><strong>adoptandus</strong></span> <span class='ocrx_word' id='word_1_5' title='bbox 771 490 829 570; x_wconf 84' lang='lat' dir='ltr'><strong>sit,</strong></span> <span class='ocrx_word' id='word_1_6' title='bbox 853 490 930 571; x_wconf 90' lang='lat' dir='ltr'><strong>quid</strong></span> <span class='ocrx_word' id='word_1_7' title='bbox 951 490 984 554; x_wconf 94' lang='lat' dir='ltr'><strong>in</strong></span> <span class='ocrx_word' id='word_1_8' title='bbox 1006 489 1208 556; x_wconf 90' lang='lat' dir='ltr'><strong>matrimonio</strong></span> <span class='ocrx_word' id='word_1_9' title='bbox 1226 490 1326 556; x_wconf 88' lang='lat' dir='ltr'><strong>mixto</strong></span> <span class='ocrx_word' id='word_1_10' title='bbox 1347 489 1510 572; x_wconf 88' lang='lat' dir='ltr'><strong>agendum,</strong></span> 
     </span>
     <span class='ocr_line' id='line_1_3' title="bbox 286 575 1511 659; baseline -0.002 -18"><span class='ocrx_word' id='word_1_11' title='bbox 286 578 363 659; x_wconf 92' lang='lat' dir='ltr'><strong>quid</strong></span> <span class='ocrx_word' id='word_1_12' title='bbox 380 577 421 642; x_wconf 94' lang='lat' dir='ltr'><strong>de</strong></span> <span class='ocrx_word' id='word_1_13' title='bbox 435 577 630 643; x_wconf 82' lang='lat' dir='ltr'><strong>matrimonii</strong></span> <span class='ocrx_word' id='word_1_14' title='bbox 644 595 705 640; x_wconf 91' lang='lat' dir='ltr'><strong>usu</strong></span> <span class='ocrx_word' id='word_1_15' title='bbox 720 576 907 656; x_wconf 88' lang='lat' dir='ltr'><strong>tenendum,</strong></span> <span class='ocrx_word' id='word_1_16' title='bbox 930 577 1009 656; x_wconf 90' lang='lat' dir='ltr'><strong>quid</strong></span> <span class='ocrx_word' id='word_1_17' title='bbox 1024 577 1065 640; x_wconf 90' lang='lat' dir='ltr'><strong>de</strong></span> <span class='ocrx_word' id='word_1_18' title='bbox 1080 576 1209 640; x_wconf 90' lang='lat' dir='ltr'><strong>secund&#39;</strong></span> <span class='ocrx_word' id='word_1_19' title='bbox 1242 575 1364 658; x_wconf 91' lang='lat' dir='ltr'><strong>nuptiis</strong></span> <span class='ocrx_word' id='word_1_20' title='bbox 1387 593 1511 641; x_wconf 89' lang='grc'><strong>111111-</strong></span> 
     </span>
     <span class='ocr_line' id='line_1_4' title="bbox 286 661 1513 744; baseline -0.002 -18"><span class='ocrx_word' id='word_1_21' title='bbox 286 664 386 728; x_wconf 80' lang='lat' dir='ltr'><strong>dum?</strong></span> <span class='ocrx_word' id='word_1_22' title='bbox 416 661 448 744; x_wconf 83' lang='lat' dir='ltr'><strong>b)</strong></span> <span class='ocrx_word' id='word_1_23' title='bbox 471 663 589 728; x_wconf 85' lang='lat' dir='ltr'><strong>Similis</strong></span> <span class='ocrx_word' id='word_1_24' title='bbox 616 662 772 728; x_wconf 84' lang='lat' dir='ltr'><strong>dissensio</strong></span> <span class='ocrx_word' id='word_1_25' title='bbox 799 662 901 743; x_wconf 87' lang='lat' dir='ltr'><strong>viguit</strong></span> <span class='ocrx_word' id='word_1_26' title='bbox 927 662 967 726; x_wconf 91' lang='grc'><strong>(11</strong></span> <span class='ocrx_word' id='word_1_27' title='bbox 992 661 1193 743; x_wconf 80' lang='lat' dir='ltr'><strong>idolothytis:</strong></span> <span class='ocrx_word' id='word_1_28' title='bbox 1247 680 1341 726; x_wconf 89' lang='lat' dir='ltr'><strong>arnes</strong></span> <span class='ocrx_word' id='word_1_29' title='bbox 1366 661 1513 725; x_wconf 90' lang='lat' dir='ltr'><strong>nimirum</strong></span> 
     </span>
     <span class='ocr_line' id='line_1_5' title="bbox 285 745 1514 828; baseline -0.002 -16"><span class='ocrx_word' id='word_1_30' title='bbox 285 747 380 813; x_wconf 88' lang='lat' dir='ltr'><strong>idolis</strong></span> <span class='ocrx_word' id='word_1_31' title='bbox 407 747 605 813; x_wconf 89' lang='lat' dir='ltr'><strong>sacrificatae</strong></span> <span class='ocrx_word' id='word_1_32' title='bbox 631 746 817 828; x_wconf 85' lang='lat' dir='ltr'><strong>frequenter</strong></span> <span class='ocrx_word' id='word_1_33' title='bbox 841 747 1062 812; x_wconf 82' lang='lat' dir='ltr'><strong>vendebantur</strong></span> <span class='ocrx_word' id='word_1_34' title='bbox 1087 748 1119 811; x_wconf 94' lang='grc'><strong>11</strong></span> <span class='ocrx_word' id='word_1_35' title='bbox 1144 745 1230 826; x_wconf 83' lang='lat' dir='ltr'><strong>for03</strong></span> <span class='ocrx_word' id='word_1_36' title='bbox 1260 747 1333 813; x_wconf 91' lang='grc'><strong>11111</strong></span> <span class='ocrx_word' id='word_1_37' title='bbox 1358 748 1437 811; x_wconf 90' lang='lat' dir='ltr'><strong>dum</strong></span> <span class='ocrx_word' id='word_1_38' title='bbox 1463 745 1514 810; x_wconf 92' lang='lat' dir='ltr'><strong>alii</strong></span> 
     </span>
     <span class='ocr_line' id='line_1_6' title="bbox 286 832 1514 914; baseline 0 -18"><span class='ocrx_word' id='word_1_39' title='bbox 286 834 452 912; x_wconf 80' lang='lat' dir='ltr'><strong>timerent,</strong></span> <span class='ocrx_word' id='word_1_40' title='bbox 479 852 519 898; x_wconf 90' lang='lat' dir='ltr'><strong>ne</strong></span> <span class='ocrx_word' id='word_1_41' title='bbox 544 833 766 897; x_wconf 92' lang='lat' dir='ltr'><strong>manducando</strong></span> <span class='ocrx_word' id='word_1_42' title='bbox 792 832 973 914; x_wconf 87' lang='lat' dir='ltr'><strong>idolothyta</strong></span> <span class='ocrx_word' id='word_1_43' title='bbox 999 834 1103 898; x_wconf 90' lang='lat' dir='ltr'><strong>denuo</strong></span> <span class='ocrx_word' id='word_1_44' title='bbox 1125 833 1243 897; x_wconf 90' lang='lat' dir='ltr'><strong>inirent</strong></span> <span class='ocrx_word' id='word_1_45' title='bbox 1262 832 1514 897; x_wconf 84' lang='lat' dir='ltr'><strong>communionem</strong></span> 
     </span>
     <span class='ocr_line' id='line_1_7' title="bbox 286 917 1515 1000; baseline -0.002 -18"><span class='ocrx_word' id='word_1_46' title='bbox 286 936 358 982; x_wconf 95' lang='lat' dir='ltr'><strong>cum</strong></span> <span class='ocrx_word' id='word_1_47' title='bbox 382 917 477 983; x_wconf 90' lang='lat' dir='ltr'><strong>idolis</strong></span> <span class='ocrx_word' id='word_1_48' title='bbox 504 924 562 982; x_wconf 90' lang='lat' dir='ltr'><strong>aut</strong></span> <span class='ocrx_word' id='word_1_49' title='bbox 589 917 895 997; x_wconf 82' lang='lat' dir='ltr'><strong>contaminarentur,</strong></span> <span class='ocrx_word' id='word_1_50' title='bbox 922 917 977 982; x_wconf 91' lang='lat' dir='ltr'><strong>alii</strong></span> <span class='ocrx_word' id='word_1_51' title='bbox 1002 918 1135 984; x_wconf 89' lang='lat' dir='ltr'><strong>liberius</strong></span> <span class='ocrx_word' id='word_1_52' title='bbox 1158 918 1336 1000; x_wconf 87' lang='lat' dir='ltr'><strong>cogitantes</strong></span> <span class='ocrx_word' id='word_1_53' title='bbox 1358 918 1515 999; x_wconf 73' lang='lat' dir='ltr'><strong>eiusmodi</strong></span> 
     </span>
     <span class='ocr_line' id='line_1_8' title="bbox 286 1002 1515 1084; baseline -0.002 -16"><span class='ocrx_word' id='word_1_54' title='bbox 286 1003 434 1068; x_wconf 90' lang='lat' dir='ltr'><strong>carnibus</strong></span> <span class='ocrx_word' id='word_1_55' title='bbox 450 1004 572 1084; x_wconf 87' lang='lat' dir='ltr'><strong>absque</strong></span> <span class='ocrx_word' id='word_1_56' title='bbox 587 1002 653 1067; x_wconf 91' lang='lat' dir='ltr'><strong>ulla</strong></span> <span class='ocrx_word' id='word_1_57' title='bbox 667 1003 881 1068; x_wconf 86' lang='lat' dir='ltr'><strong>haesitatione</strong></span> <span class='ocrx_word' id='word_1_58' title='bbox 897 1007 929 1067; x_wconf 94' lang='grc'><strong>11</strong></span> <span class='ocrx_word' id='word_1_59' title='bbox 945 1004 1013 1068; x_wconf 88' lang='grc'><strong>1111</strong></span> <span class='ocrx_word' id='word_1_60' title='bbox 1028 1004 1113 1068; x_wconf 92' lang='lat' dir='ltr'><strong>omni</strong></span> <span class='ocrx_word' id='word_1_61' title='bbox 1134 1002 1342 1068; x_wconf 89' lang='lat' dir='ltr'><strong>infirmiorum</strong></span> <span class='ocrx_word' id='word_1_62' title='bbox 1365 1009 1515 1083; x_wconf 90' lang='lat' dir='ltr'><strong>respectu</strong></span> 
     </span>
     <span class='ocr_line' id='line_1_9' title="bbox 284 1087 1515 1170; baseline 0 -18"><span class='ocrx_word' id='word_1_63' title='bbox 284 1087 472 1168; x_wconf 89' lang='lat' dir='ltr'><strong>utebantur;</strong></span> <span class='ocrx_word' id='word_1_64' title='bbox 499 1089 553 1154; x_wconf 93' lang='lat' dir='ltr'><strong>alii</strong></span> <span class='ocrx_word' id='word_1_65' title='bbox 576 1088 714 1169; x_wconf 89' lang='lat' dir='ltr'><strong>denique</strong></span> <span class='ocrx_word' id='word_1_66' title='bbox 734 1107 771 1153; x_wconf 88' lang='lat' dir='ltr'><strong>eo</strong></span> <span class='ocrx_word' id='word_1_67' title='bbox 792 1107 895 1169; x_wconf 89' lang='lat' dir='ltr'><strong>usque</strong></span> <span class='ocrx_word' id='word_1_68' title='bbox 916 1088 1071 1154; x_wconf 88' lang='lat' dir='ltr'><strong>audaciae</strong></span> <span class='ocrx_word' id='word_1_69' title='bbox 1093 1089 1257 1170; x_wconf 85' lang='lat' dir='ltr'><strong>progressi</strong></span> <span class='ocrx_word' id='word_1_70' title='bbox 1279 1093 1368 1168; x_wconf 90' lang='lat' dir='ltr'><strong>sunt,</strong></span> <span class='ocrx_word' id='word_1_71' title='bbox 1394 1093 1515 1152; x_wconf 94' lang='lat' dir='ltr'><strong>utnon</strong></span> 
     </span>
     <span class='ocr_line' id='line_1_10' title="bbox 284 1172 1516 1254; baseline -0.002 -16"><span class='ocrx_word' id='word_1_72' title='bbox 284 1172 487 1254; x_wconf 87' lang='lat' dir='ltr'><strong>dubitarent,</strong></span> <span class='ocrx_word' id='word_1_73' title='bbox 511 1175 587 1254; x_wconf 93' lang='lat' dir='ltr'><strong>quin</strong></span> <span class='ocrx_word' id='word_1_74' title='bbox 602 1174 777 1254; x_wconf 88' lang='lat' dir='ltr'><strong>participes</strong></span> <span class='ocrx_word' id='word_1_75' title='bbox 793 1178 900 1239; x_wconf 90' lang='lat' dir='ltr'><strong>essent</strong></span> <span class='ocrx_word' id='word_1_76' title='bbox 916 1191 1102 1254; x_wconf 88' lang='lat' dir='ltr'><strong>coenarum,</strong></span> <span class='ocrx_word' id='word_1_77' title='bbox 1124 1192 1207 1254; x_wconf 91' lang='lat' dir='ltr'><strong>quae</strong></span> <span class='ocrx_word' id='word_1_78' title='bbox 1221 1175 1254 1239; x_wconf 92' lang='lat' dir='ltr'><strong>in</strong></span> <span class='ocrx_word' id='word_1_79' title='bbox 1268 1174 1404 1239; x_wconf 89' lang='lat' dir='ltr'><strong>deorum</strong></span> <span class='ocrx_word' id='word_1_80' title='bbox 1419 1173 1516 1238; x_wconf 77' lang='lat' dir='ltr'><strong>hono.</strong></span> 
     </span>
     <span class='ocr_line' id='line_1_11' title="bbox 284 1258 1517 1340; baseline -0.001 -17"><span class='ocrx_word' id='word_1_81' title='bbox 284 1278 352 1324; x_wconf 90' lang='lat' dir='ltr'><strong>rem</strong></span> <span class='ocrx_word' id='word_1_82' title='bbox 368 1258 523 1324; x_wconf 88' lang='lat' dir='ltr'><strong>celebrari</strong></span> <span class='ocrx_word' id='word_1_83' title='bbox 538 1259 700 1338; x_wconf 92' lang='lat' dir='ltr'><strong>solebant,</strong></span> <span class='ocrx_word' id='word_1_84' title='bbox 723 1259 833 1339; x_wconf 90' lang='lat' dir='ltr'><strong>sicque</strong></span> <span class='ocrx_word' id='word_1_85' title='bbox 848 1259 919 1323; x_wconf 91' lang='lat' dir='ltr'><strong>aliis</strong></span> <span class='ocrx_word' id='word_1_86' title='bbox 934 1260 1159 1340; x_wconf 89' lang='lat' dir='ltr'><strong>gravissimum</strong></span> <span class='ocrx_word' id='word_1_87' title='bbox 1173 1259 1368 1340; x_wconf 86' lang='lat' dir='ltr'><strong>praeberent</strong></span> <span class='ocrx_word' id='word_1_88' title='bbox 1383 1259 1517 1323; x_wconf 87' lang='lat' dir='ltr'><strong>scanda-</strong></span> 
     </span>
     <span class='ocr_line' id='line_1_12' title="bbox 284 1342 1517 1426; baseline -0.001 -18"><span class='ocrx_word' id='word_1_89' title='bbox 284 1345 359 1408; x_wconf 91' lang='lat' dir='ltr'><strong>lum.</strong></span> <span class='ocrx_word' id='word_1_90' title='bbox 389 1345 419 1426; x_wconf 85' lang='lat' dir='ltr'><strong>c)</strong></span> <span class='ocrx_word' id='word_1_91' title='bbox 435 1345 599 1424; x_wconf 88' lang='lat' dir='ltr'><strong>Feminae,</strong></span> <span class='ocrx_word' id='word_1_92' title='bbox 622 1342 706 1409; x_wconf 91' lang='lat' dir='ltr'><strong>male</strong></span> <span class='ocrx_word' id='word_1_93' title='bbox 724 1343 886 1409; x_wconf 81' lang='grc'><strong>1111111111</strong></span> <span class='ocrx_word' id='word_1_94' title='bbox 908 1344 1055 1409; x_wconf 77' lang='lat' dir='ltr'><strong>doctrina</strong></span> <span class='ocrx_word' id='word_1_95' title='bbox 1070 1345 1110 1409; x_wconf 93' lang='lat' dir='ltr'><strong>de</strong></span> <span class='ocrx_word' id='word_1_96' title='bbox 1125 1343 1276 1410; x_wconf 89' lang='lat' dir='ltr'><strong>libertate</strong></span> <span class='ocrx_word' id='word_1_97' title='bbox 1292 1344 1469 1410; x_wconf 89' lang='lat' dir='ltr'><strong>christiana</strong></span> <span class='ocrx_word' id='word_1_98' title='bbox 1484 1350 1517 1408; x_wconf 93' lang='lat' dir='ltr'><strong>et</strong></span> 
     </span>
     <span class='ocr_line' id='line_1_13' title="bbox 284 1429 1517 1511; baseline -0.001 -18"><span class='ocrx_word' id='word_1_99' title='bbox 284 1431 326 1494; x_wconf 90' lang='lat' dir='ltr'><strong>de</strong></span> <span class='ocrx_word' id='word_1_100' title='bbox 348 1429 476 1509; x_wconf 92' lang='lat' dir='ltr'><strong>aequali</strong></span> <span class='ocrx_word' id='word_1_101' title='bbox 498 1449 557 1494; x_wconf 92' lang='lat' dir='ltr'><strong>sua</strong></span> <span class='ocrx_word' id='word_1_102' title='bbox 580 1447 652 1494; x_wconf 90' lang='lat' dir='ltr'><strong>cum</strong></span> <span class='ocrx_word' id='word_1_103' title='bbox 673 1429 750 1493; x_wconf 91' lang='lat' dir='ltr'><strong>viris</strong></span> <span class='ocrx_word' id='word_1_104' title='bbox 772 1430 944 1511; x_wconf 85' lang='lat' dir='ltr'><strong>dignitate,</strong></span> <span class='ocrx_word' id='word_1_105' title='bbox 972 1439 1083 1495; x_wconf 89' lang='lat' dir='ltr'><strong>contra</strong></span> <span class='ocrx_word' id='word_1_106' title='bbox 1101 1448 1223 1494; x_wconf 90' lang='lat' dir='ltr'><strong>morem</strong></span> <span class='ocrx_word' id='word_1_107' title='bbox 1239 1447 1439 1494; x_wconf 89' lang='lat' dir='ltr'><strong>communem</strong></span> <span class='ocrx_word' id='word_1_108' title='bbox 1455 1447 1517 1493; x_wconf 94' lang='lat' dir='ltr'><strong>non</strong></span> 
     </span>
     <span class='ocr_line' id='line_1_14' title="bbox 284 1513 1519 1596; baseline -0.001 -17"><span class='ocrx_word' id='word_1_109' title='bbox 284 1513 410 1579; x_wconf 87' lang='lat' dir='ltr'><strong>velatae</strong></span> <span class='ocrx_word' id='word_1_110' title='bbox 426 1519 599 1580; x_wconf 88' lang='lat' dir='ltr'><strong>conventus</strong></span> <span class='ocrx_word' id='word_1_111' title='bbox 614 1533 723 1578; x_wconf 91' lang='lat' dir='ltr'><strong>sacros</strong></span> <span class='ocrx_word' id='word_1_112' title='bbox 737 1514 997 1596; x_wconf 88' lang='lat' dir='ltr'><strong>frequentarunt,</strong></span> <span class='ocrx_word' id='word_1_113' title='bbox 1013 1517 1076 1580; x_wconf 91' lang='lat' dir='ltr'><strong>imo</strong></span> <span class='ocrx_word' id='word_1_114' title='bbox 1093 1521 1126 1580; x_wconf 92' lang='grc'><strong>11</strong></span> <span class='ocrx_word' id='word_1_115' title='bbox 1140 1515 1285 1580; x_wconf 89' lang='lat' dir='ltr'><strong>debitam</strong></span> <span class='ocrx_word' id='word_1_116' title='bbox 1299 1515 1428 1579; x_wconf 93' lang='lat' dir='ltr'><strong>maritis</strong></span> <span class='ocrx_word' id='word_1_117' title='bbox 1443 1513 1519 1578; x_wconf 90' lang='lat' dir='ltr'><strong>sub-</strong></span> 
     </span>
     <span class='ocr_line' id='line_1_15' title="bbox 282 1597 1519 1682; baseline -0.002 -18"><span class='ocrx_word' id='word_1_118' title='bbox 282 1600 454 1681; x_wconf 76' lang='lat' dir='ltr'><strong>Jectionem</strong></span> <span class='ocrx_word' id='word_1_119' title='bbox 477 1600 684 1681; x_wconf 88' lang='lat' dir='ltr'><strong>denegarunt.</strong></span> <span class='ocrx_word' id='word_1_120' title='bbox 716 1597 751 1682; x_wconf 85' lang='lat' dir='ltr'><strong>d)</strong></span> <span class='ocrx_word' id='word_1_121' title='bbox 766 1600 804 1664; x_wconf 94' lang='lat' dir='ltr'><strong>In</strong></span> <span class='ocrx_word' id='word_1_122' title='bbox 826 1601 872 1665; x_wconf 91' lang='lat' dir='ltr'><strong>sic</strong></span> <span class='ocrx_word' id='word_1_123' title='bbox 892 1600 987 1665; x_wconf 91' lang='lat' dir='ltr'><strong>dictis</strong></span> <span class='ocrx_word' id='word_1_124' title='bbox 1007 1601 1136 1682; x_wconf 87' lang='lat' dir='ltr'><strong>agapis,</strong></span> <span class='ocrx_word' id='word_1_125' title='bbox 1163 1619 1248 1681; x_wconf 90' lang='lat' dir='ltr'><strong>quae</strong></span> <span class='ocrx_word' id='word_1_126' title='bbox 1268 1601 1311 1664; x_wconf 91' lang='lat' dir='ltr'><strong>ad</strong></span> <span class='ocrx_word' id='word_1_127' title='bbox 1326 1600 1519 1665; x_wconf 91' lang='lat' dir='ltr'><strong>charitatem</strong></span> 
     </span>
     <span class='ocr_line' id='line_1_16' title="bbox 285 1685 1520 1767; baseline 0.001 -19"><span class='ocrx_word' id='word_1_128' title='bbox 285 1691 430 1749; x_wconf 89' lang='lat' dir='ltr'><strong>mutuam</strong></span> <span class='ocrx_word' id='word_1_129' title='bbox 451 1686 700 1766; x_wconf 87' lang='lat' dir='ltr'><strong>promovendam</strong></span> <span class='ocrx_word' id='word_1_130' title='bbox 722 1693 754 1749; x_wconf 94' lang='lat' dir='ltr'><strong>et</strong></span> <span class='ocrx_word' id='word_1_131' title='bbox 780 1686 822 1749; x_wconf 92' lang='lat' dir='ltr'><strong>ad</strong></span> <span class='ocrx_word' id='word_1_132' title='bbox 847 1685 1002 1751; x_wconf 89' lang='lat' dir='ltr'><strong>ecclesiae</strong></span> <span class='ocrx_word' id='word_1_133' title='bbox 1027 1687 1185 1750; x_wconf 90' lang='lat' dir='ltr'><strong>unitatem</strong></span> <span class='ocrx_word' id='word_1_134' title='bbox 1210 1685 1520 1767; x_wconf 90' lang='lat' dir='ltr'><strong>repraesentandam</strong></span> 
     </span>
     <span class='ocr_line' id='line_1_17' title="bbox 286 1769 1520 1852; baseline -0.001 -17"><span class='ocrx_word' id='word_1_135' title='bbox 286 1775 378 1835; x_wconf 88' lang='lat' dir='ltr'><strong>erant</strong></span> <span class='ocrx_word' id='word_1_136' title='bbox 392 1770 605 1850; x_wconf 88' lang='lat' dir='ltr'><strong>introductae,</strong></span> <span class='ocrx_word' id='word_1_137' title='bbox 623 1770 756 1835; x_wconf 91' lang='lat' dir='ltr'><strong>ditiores</strong></span> <span class='ocrx_word' id='word_1_138' title='bbox 772 1771 905 1835; x_wconf 90' lang='lat' dir='ltr'><strong>seorsim</strong></span> <span class='ocrx_word' id='word_1_139' title='bbox 920 1772 953 1835; x_wconf 91' lang='grc'><strong>11</strong></span> <span class='ocrx_word' id='word_1_140' title='bbox 968 1771 1047 1836; x_wconf 92' lang='lat' dir='ltr'><strong>cibis</strong></span> <span class='ocrx_word' id='word_1_141' title='bbox 1063 1771 1130 1836; x_wconf 91' lang='lat' dir='ltr'><strong>suis</strong></span> <span class='ocrx_word' id='word_1_142' title='bbox 1146 1769 1252 1836; x_wconf 90' lang='lat' dir='ltr'><strong>allatis</strong></span> <span class='ocrx_word' id='word_1_143' title='bbox 1267 1775 1413 1852; x_wconf 90' lang='lat' dir='ltr'><strong>potuque</strong></span> <span class='ocrx_word' id='word_1_144' title='bbox 1429 1770 1520 1833; x_wconf 85' lang='lat' dir='ltr'><strong>luxu-</strong></span> 
     </span>
     <span class='ocr_line' id='line_1_18' title="bbox 285 1855 1521 1938; baseline -0.001 -18"><span class='ocrx_word' id='word_1_145' title='bbox 285 1855 361 1920; x_wconf 91' lang='lat' dir='ltr'><strong>riati</strong></span> <span class='ocrx_word' id='word_1_146' title='bbox 388 1861 479 1937; x_wconf 90' lang='lat' dir='ltr'><strong>sunt,</strong></span> <span class='ocrx_word' id='word_1_147' title='bbox 506 1857 583 1919; x_wconf 92' lang='lat' dir='ltr'><strong>dum</strong></span> <span class='ocrx_word' id='word_1_148' title='bbox 609 1856 768 1920; x_wconf 88' lang='lat' dir='ltr'><strong>esurirent</strong></span> <span class='ocrx_word' id='word_1_149' title='bbox 792 1874 969 1938; x_wconf 74' lang='lat' dir='ltr'><strong>paupereS,</strong></span> <span class='ocrx_word' id='word_1_150' title='bbox 997 1856 1107 1938; x_wconf 88' lang='lat' dir='ltr'><strong>sicque</strong></span> <span class='ocrx_word' id='word_1_151' title='bbox 1132 1863 1243 1921; x_wconf 90' lang='lat' dir='ltr'><strong>contra</strong></span> <span class='ocrx_word' id='word_1_152' title='bbox 1269 1856 1521 1920; x_wconf 89' lang='lat' dir='ltr'><strong>destinationem</strong></span> 
     </span>
     <span class='ocr_line' id='line_1_19' title="bbox 284 1940 1521 2020; baseline 0 -15"><span class='ocrx_word' id='word_1_153' title='bbox 284 1941 412 2005; x_wconf 91' lang='lat' dir='ltr'><strong>illarum</strong></span> <span class='ocrx_word' id='word_1_154' title='bbox 428 1960 608 2020; x_wconf 89' lang='lat' dir='ltr'><strong>coenarum,</strong></span> <span class='ocrx_word' id='word_1_155' title='bbox 625 1945 737 2006; x_wconf 90' lang='lat' dir='ltr'><strong>contra</strong></span> <span class='ocrx_word' id='word_1_156' title='bbox 751 1940 812 2006; x_wconf 91' lang='lat' dir='ltr'><strong>loci</strong></span> <span class='ocrx_word' id='word_1_157' title='bbox 828 1942 1033 2006; x_wconf 86' lang='lat' dir='ltr'><strong>sanctitatem</strong></span> <span class='ocrx_word' id='word_1_158' title='bbox 1049 1948 1081 2007; x_wconf 91' lang='lat' dir='ltr'><strong>et</strong></span> <span class='ocrx_word' id='word_1_159' title='bbox 1097 1960 1138 2006; x_wconf 91' lang='grc'><strong>11.</strong></span> <span class='ocrx_word' id='word_1_160' title='bbox 1149 1941 1374 2006; x_wconf 86' lang='lat' dir='ltr'><strong>Eucharistiae</strong></span> <span class='ocrx_word' id='word_1_161' title='bbox 1386 1958 1521 2006; x_wconf 88' lang='lat' dir='ltr'><strong>venera-</strong></span> 
     </span>
     <span class='ocr_line' id='line_1_20' title="bbox 285 2026 1521 2108; baseline 0 -18"><span class='ocrx_word' id='word_1_162' title='bbox 285 2027 404 2091; x_wconf 91' lang='lat' dir='ltr'><strong>tionem</strong></span> <span class='ocrx_word' id='word_1_163' title='bbox 427 2026 569 2108; x_wconf 89' lang='lat' dir='ltr'><strong>gravitcr</strong></span> <span class='ocrx_word' id='word_1_164' title='bbox 588 2031 770 2108; x_wconf 89' lang='lat' dir='ltr'><strong>peccarunt.</strong></span> <span class='ocrx_word' id='word_1_165' title='bbox 801 2029 828 2104; x_wconf 85' lang='grc'><strong>1)</strong></span> <span class='ocrx_word' id='word_1_166' title='bbox 852 2028 1018 2092; x_wconf 90' lang='lat' dir='ltr'><strong>Donorum</strong></span> <span class='ocrx_word' id='word_1_167' title='bbox 1038 2027 1178 2108; x_wconf 86' lang='lat' dir='ltr'><strong>Spiritus</strong></span> <span class='ocrx_word' id='word_1_168' title='bbox 1201 2046 1225 2091; x_wconf 90' lang='lat' dir='ltr'><strong>s.</strong></span> <span class='ocrx_word' id='word_1_169' title='bbox 1248 2026 1521 2091; x_wconf 86' lang='lat' dir='ltr'><strong>extraordinario-</strong></span> 
     </span>
     <span class='ocr_line' id='line_1_21' title="bbox 285 2109 1522 2193; baseline -0.001 -17"><span class='ocrx_word' id='word_1_170' title='bbox 285 2131 373 2191; x_wconf 90' lang='lat' dir='ltr'><strong>rum,</strong></span> <span class='ocrx_word' id='word_1_171' title='bbox 391 2130 474 2192; x_wconf 90' lang='lat' dir='ltr'><strong>quae</strong></span> <span class='ocrx_word' id='word_1_172' title='bbox 488 2111 578 2176; x_wconf 91' lang='lat' dir='ltr'><strong>Deus</strong></span> <span class='ocrx_word' id='word_1_173' title='bbox 593 2111 705 2193; x_wconf 91' lang='lat' dir='ltr'><strong>primis</strong></span> <span class='ocrx_word' id='word_1_174' title='bbox 720 2109 869 2177; x_wconf 89' lang='lat' dir='ltr'><strong>fidelibus</strong></span> <span class='ocrx_word' id='word_1_175' title='bbox 884 2112 926 2176; x_wconf 92' lang='lat' dir='ltr'><strong>ad</strong></span> <span class='ocrx_word' id='word_1_176' title='bbox 941 2109 1017 2177; x_wconf 89' lang='lat' dir='ltr'><strong>fidei</strong></span> <span class='ocrx_word' id='word_1_177' title='bbox 1032 2113 1148 2177; x_wconf 91' lang='lat' dir='ltr'><strong>tribuit</strong></span> <span class='ocrx_word' id='word_1_178' title='bbox 1162 2113 1470 2181; x_wconf 90' lang='lat' dir='ltr'><strong>commendationem</strong></span> <span class='ocrx_word' id='word_1_179' title='bbox 1486 2116 1522 2176; x_wconf 91' lang='lat' dir='ltr'><strong>et</strong></span> 
     </span>
     <span class='ocr_line' id='line_1_22' title="bbox 284 2195 1522 2277; baseline -0.001 -16"><span class='ocrx_word' id='word_1_180' title='bbox 284 2197 318 2261; x_wconf 93' lang='grc'><strong>11</strong></span> <span class='ocrx_word' id='word_1_181' title='bbox 341 2196 494 2262; x_wconf 87' lang='lat' dir='ltr'><strong>ecclesiae</strong></span> <span class='ocrx_word' id='word_1_182' title='bbox 512 2196 757 2277; x_wconf 90' lang='lat' dir='ltr'><strong>incrementum,</strong></span> <span class='ocrx_word' id='word_1_183' title='bbox 783 2198 816 2261; x_wconf 91' lang='grc'><strong>11</strong></span> <span class='ocrx_word' id='word_1_184' title='bbox 839 2198 1047 2263; x_wconf 88' lang='lat' dir='ltr'><strong>conventibus</strong></span> <span class='ocrx_word' id='word_1_185' title='bbox 1067 2196 1167 2263; x_wconf 89' lang='lat' dir='ltr'><strong>sacris</strong></span> <span class='ocrx_word' id='word_1_186' title='bbox 1191 2197 1394 2261; x_wconf 89' lang='lat' dir='ltr'><strong>inordinatus</strong></span> <span class='ocrx_word' id='word_1_187' title='bbox 1420 2195 1522 2261; x_wconf 88' lang='lat' dir='ltr'><strong>fiebat</strong></span> 
     </span>
     <span class='ocr_line' id='line_1_23' title="bbox 285 2282 1522 2365; baseline 0.001 -20"><span class='ocrx_word' id='word_1_188' title='bbox 285 2299 379 2361; x_wconf 89' lang='lat' dir='ltr'><strong>usus;</strong></span> <span class='ocrx_word' id='word_1_189' title='bbox 403 2282 560 2347; x_wconf 92' lang='lat' dir='ltr'><strong>charitate</strong></span> <span class='ocrx_word' id='word_1_190' title='bbox 575 2283 723 2346; x_wconf 90' lang='lat' dir='ltr'><strong>nimirum</strong></span> <span class='ocrx_word' id='word_1_191' title='bbox 739 2282 907 2347; x_wconf 74' lang='lat' dir='ltr'><strong>imminuta</strong></span> <span class='ocrx_word' id='word_1_192' title='bbox 921 2303 984 2348; x_wconf 94' lang='lat' dir='ltr'><strong>non</strong></span> <span class='ocrx_word' id='word_1_193' title='bbox 998 2283 1136 2365; x_wconf 91' lang='lat' dir='ltr'><strong>amplius</strong></span> <span class='ocrx_word' id='word_1_194' title='bbox 1150 2283 1198 2347; x_wconf 91' lang='lat' dir='ltr'><strong>ita</strong></span> <span class='ocrx_word' id='word_1_195' title='bbox 1212 2282 1467 2361; x_wconf 88' lang='lat' dir='ltr'><strong>adhibebantur,</strong></span> <span class='ocrx_word' id='word_1_196' title='bbox 1482 2286 1522 2346; x_wconf 91' lang='lat' dir='ltr'><strong>ut</strong></span> 
     </span>
     <span class='ocr_line' id='line_1_24' title="bbox 286 2366 1545 2450; baseline -0.001 -17"><span class='ocrx_word' id='word_1_197' title='bbox 286 2384 485 2433; x_wconf 90' lang='lat' dir='ltr'><strong>communem</strong></span> <span class='ocrx_word' id='word_1_198' title='bbox 495 2367 635 2432; x_wconf 93' lang='lat' dir='ltr'><strong>omnium</strong></span> <span class='ocrx_word' id='word_1_199' title='bbox 642 2374 868 2447; x_wconf 90' lang='lat' dir='ltr'><strong>promoverent</strong></span> <span class='ocrx_word' id='word_1_200' title='bbox 875 2366 1138 2448; x_wconf 89' lang='lat' dir='ltr'><strong>aedificationem,</strong></span> <span class='ocrx_word' id='word_1_201' title='bbox 1152 2368 1210 2433; x_wconf 92' lang='lat' dir='ltr'><strong>sed</strong></span> <span class='ocrx_word' id='word_1_202' title='bbox 1219 2375 1255 2431; x_wconf 94' lang='lat' dir='ltr'><strong>ut</strong></span> <span class='ocrx_word' id='word_1_203' title='bbox 1266 2367 1402 2432; x_wconf 88' lang='lat' dir='ltr'><strong>vanitati</strong></span> <span class='ocrx_word' id='word_1_204' title='bbox 1410 2368 1522 2432; x_wconf 89' lang='lat' dir='ltr'><strong>unius-</strong></span> <span class='ocrx_word' id='word_1_205' title='bbox 1540 2445 1545 2450; x_wconf 19' lang='grc' dir='ltr'>ι</span> 
     </span>
     <span class='ocr_line' id='line_1_25' title="bbox 287 2452 1523 2535; baseline -0.002 -17"><span class='ocrx_word' id='word_1_206' title='bbox 287 2453 442 2534; x_wconf 88' lang='lat' dir='ltr'><strong>cujusque</strong></span> <span class='ocrx_word' id='word_1_207' title='bbox 464 2452 668 2532; x_wconf 89' lang='lat' dir='ltr'><strong>inservirent;</strong></span> <span class='ocrx_word' id='word_1_208' title='bbox 690 2453 863 2535; x_wconf 90' lang='lat' dir='ltr'><strong>praecipue</strong></span> <span class='ocrx_word' id='word_1_209' title='bbox 878 2462 987 2519; x_wconf 90' lang='lat' dir='ltr'><strong>autem</strong></span> <span class='ocrx_word' id='word_1_210' title='bbox 1003 2454 1086 2519; x_wconf 91' lang='lat' dir='ltr'><strong>dono</strong></span> <span class='ocrx_word' id='word_1_211' title='bbox 1101 2454 1283 2535; x_wconf 91' lang='lat' dir='ltr'><strong>linguarum</strong></span> <span class='ocrx_word' id='word_1_212' title='bbox 1297 2453 1329 2516; x_wconf 93' lang='grc'><strong>11</strong></span> <span class='ocrx_word' id='word_1_213' title='bbox 1345 2453 1523 2516; x_wconf 89' lang='grc'><strong>(111111111-</strong></span> 
     </span>
     <span class='ocr_line' id='line_1_26' title="bbox 286 2537 1524 2623; baseline 0.001 -22"><span class='ocrx_word' id='word_1_214' title='bbox 286 2544 355 2602; x_wconf 92' lang='lat' dir='ltr'><strong>tum</strong></span> <span class='ocrx_word' id='word_1_215' title='bbox 370 2537 567 2618; x_wconf 90' lang='lat' dir='ltr'><strong>reliquorum</strong></span> <span class='ocrx_word' id='word_1_216' title='bbox 581 2538 705 2618; x_wconf 90' lang='lat' dir='ltr'><strong>primus</strong></span> <span class='ocrx_word' id='word_1_217' title='bbox 720 2538 924 2604; x_wconf 88' lang='lat' dir='ltr'><strong>tribuebatur</strong></span> <span class='ocrx_word' id='word_1_218' title='bbox 938 2540 1036 2604; x_wconf 90' lang='lat' dir='ltr'><strong>locus.</strong></span> <span class='ocrx_word' id='word_1_219' title='bbox 1058 2540 1098 2623; x_wconf 83' lang='lat' dir='ltr'><strong>s)</strong></span> <span class='ocrx_word' id='word_1_220' title='bbox 1113 2539 1144 2603; x_wconf 91' lang='lat' dir='ltr'>N</span> <span class='ocrx_word' id='word_1_221' title='bbox 1146 2558 1186 2603; x_wconf 92' lang='lat' dir='ltr'><strong>on</strong></span> <span class='ocrx_word' id='word_1_222' title='bbox 1202 2538 1304 2603; x_wconf 92' lang='lat' dir='ltr'><strong>solum</strong></span> <span class='ocrx_word' id='word_1_223' title='bbox 1318 2538 1351 2602; x_wconf 90' lang='lat' dir='ltr'><strong>in</strong></span> <span class='ocrx_word' id='word_1_224' title='bbox 1365 2537 1421 2618; x_wconf 89' lang='grc'><strong>111,</strong></span> <span class='ocrx_word' id='word_1_225' title='bbox 1437 2555 1524 2618; x_wconf 86' lang='lat' dir='ltr'><strong>quae</strong></span> 
     </span>
     <span class='ocr_line' id='line_1_27' title="bbox 286 2622 1526 2705; baseline 0.001 -18"><span class='ocrx_word' id='word_1_226' title='bbox 286 2623 329 2687; x_wconf 93' lang='lat' dir='ltr'><strong>ad</strong></span> <span class='ocrx_word' id='word_1_227' title='bbox 352 2622 452 2686; x_wconf 92' lang='lat' dir='ltr'><strong>vitam</strong></span> <span class='ocrx_word' id='word_1_228' title='bbox 473 2623 649 2703; x_wconf 87' lang='lat' dir='ltr'><strong>practicam</strong></span> <span class='ocrx_word' id='word_1_229' title='bbox 671 2623 814 2703; x_wconf 86' lang='lat' dir='ltr'><strong>proxime</strong></span> <span class='ocrx_word' id='word_1_230' title='bbox 837 2628 1001 2705; x_wconf 89' lang='lat' dir='ltr'><strong>spectant,</strong></span> <span class='ocrx_word' id='word_1_231' title='bbox 1029 2623 1174 2690; x_wconf 83' lang='lat' dir='ltr'><strong>Corinthi</strong></span> <span class='ocrx_word' id='word_1_232' title='bbox 1195 2624 1343 2688; x_wconf 91' lang='lat' dir='ltr'><strong>diversae</strong></span> <span class='ocrx_word' id='word_1_233' title='bbox 1367 2623 1526 2705; x_wconf 84' lang='lat' dir='ltr'><strong>vigebant</strong></span> 
     </span>
     <span class='ocr_line' id='line_1_28' title="bbox 287 2707 1524 2790; baseline 0.001 -19"><span class='ocrx_word' id='word_1_234' title='bbox 287 2707 479 2787; x_wconf 89' lang='lat' dir='ltr'><strong>sentcntiae,</strong></span> <span class='ocrx_word' id='word_1_235' title='bbox 507 2708 565 2773; x_wconf 90' lang='lat' dir='ltr'><strong>sed</strong></span> <span class='ocrx_word' id='word_1_236' title='bbox 587 2709 684 2773; x_wconf 91' lang='lat' dir='ltr'><strong>etiam</strong></span> <span class='ocrx_word' id='word_1_237' title='bbox 708 2708 749 2774; x_wconf 90' lang='grc'><strong>(11</strong></span> <span class='ocrx_word' id='word_1_238' title='bbox 770 2728 942 2790; x_wconf 89' lang='lat' dir='ltr'><strong>corporum</strong></span> <span class='ocrx_word' id='word_1_239' title='bbox 964 2710 1199 2775; x_wconf 87' lang='lat' dir='ltr'><strong>resurrectione</strong></span> <span class='ocrx_word' id='word_1_240' title='bbox 1215 2709 1346 2789; x_wconf 89' lang='lat' dir='ltr'><strong>quidam</strong></span> <span class='ocrx_word' id='word_1_241' title='bbox 1366 2708 1439 2788; x_wconf 80' lang='lat'><strong>(15,</strong></span> <span class='ocrx_word' id='word_1_242' title='bbox 1458 2707 1524 2789; x_wconf 82' lang='lat'>12.)</span> 
     </span>
     <span class='ocr_line' id='line_1_29' title="bbox 289 2793 1522 2876; baseline -0.001 -18"><span class='ocrx_word' id='word_1_243' title='bbox 289 2793 453 2873; x_wconf 89' lang='lat' dir='ltr'><strong>errabant,</strong></span> <span class='ocrx_word' id='word_1_244' title='bbox 476 2793 558 2858; x_wconf 90' lang='lat' dir='ltr'><strong>hanc</strong></span> <span class='ocrx_word' id='word_1_245' title='bbox 573 2794 750 2859; x_wconf 88' lang='lat' dir='ltr'><strong>doctrinam</strong></span> <span class='ocrx_word' id='word_1_246' title='bbox 765 2813 838 2860; x_wconf 89' lang='lat' dir='ltr'><strong>cum</strong></span> <span class='ocrx_word' id='word_1_247' title='bbox 851 2795 979 2876; x_wconf 87' lang='lat' dir='ltr'><strong>placitis</strong></span> <span class='ocrx_word' id='word_1_248' title='bbox 993 2795 1222 2875; x_wconf 88' lang='lat' dir='ltr'><strong>philosophicis</strong></span> <span class='ocrx_word' id='word_1_249' title='bbox 1236 2795 1277 2858; x_wconf 89' lang='lat' dir='ltr'><strong>de</strong></span> <span class='ocrx_word' id='word_1_250' title='bbox 1292 2794 1431 2858; x_wconf 91' lang='lat' dir='ltr'><strong>materia</strong></span> <span class='ocrx_word' id='word_1_251' title='bbox 1446 2812 1522 2858; x_wconf 91' lang='lat' dir='ltr'><strong>con-</strong></span> 
     </span>
     <span class='ocr_line' id='line_1_30' title="bbox 287 2879 780 2960; baseline -0.002 -16"><span class='ocrx_word' id='word_1_252' title='bbox 287 2879 389 2944; x_wconf 91' lang='lat' dir='ltr'><strong>ciliari</strong></span> <span class='ocrx_word' id='word_1_253' title='bbox 403 2897 467 2943; x_wconf 93' lang='lat' dir='ltr'><strong>non</strong></span> <span class='ocrx_word' id='word_1_254' title='bbox 481 2897 577 2960; x_wconf 88' lang='lat' dir='ltr'><strong>posse</strong></span> <span class='ocrx_word' id='word_1_255' title='bbox 592 2885 780 2945; x_wconf 89' lang='lat' dir='ltr'><strong>statuentes.</strong></span> 
     </span>
    </p>

    <p class='ocr_par' dir='ltr' id='par_1_3' title="bbox 288 2963 1524 3624">
     <span class='ocr_line' id='line_1_31' title="bbox 372 2963 1523 3044; baseline 0.001 -17"><span class='ocrx_word' id='word_1_256' title='bbox 372 2963 463 3028; x_wconf 91' lang='lat' dir='ltr'><strong>Haec</strong></span> <span class='ocrx_word' id='word_1_257' title='bbox 488 2964 603 3028; x_wconf 92' lang='lat' dir='ltr'><strong>nuncia</strong></span> <span class='ocrx_word' id='word_1_258' title='bbox 628 2965 669 3028; x_wconf 92' lang='lat' dir='ltr'><strong>de</strong></span> <span class='ocrx_word' id='word_1_259' title='bbox 695 2970 785 3029; x_wconf 89' lang='lat' dir='ltr'><strong>statu</strong></span> <span class='ocrx_word' id='word_1_260' title='bbox 810 2964 963 3030; x_wconf 90' lang='lat' dir='ltr'><strong>ecclesiae</strong></span> <span class='ocrx_word' id='word_1_261' title='bbox 987 2964 1171 3029; x_wconf 87' lang='lat' dir='ltr'><strong>Corinthiae</strong></span> <span class='ocrx_word' id='word_1_262' title='bbox 1196 2982 1258 3028; x_wconf 89' lang='lat' dir='ltr'><strong>non</strong></span> <span class='ocrx_word' id='word_1_263' title='bbox 1283 2969 1435 3044; x_wconf 91' lang='lat' dir='ltr'><strong>poterant</strong></span> <span class='ocrx_word' id='word_1_264' title='bbox 1456 2981 1523 3028; x_wconf 92' lang='lat' dir='ltr'><strong>non</strong></span> 
     </span>
     <span class='ocr_line' id='line_1_32' title="bbox 288 3047 1523 3129; baseline -0.001 -16"><span class='ocrx_word' id='word_1_265' title='bbox 288 3068 413 3113; x_wconf 90' lang='lat' dir='ltr'><strong>summa</strong></span> <span class='ocrx_word' id='word_1_266' title='bbox 428 3049 561 3113; x_wconf 90' lang='lat' dir='ltr'><strong>tristitia</strong></span> <span class='ocrx_word' id='word_1_267' title='bbox 576 3047 703 3114; x_wconf 89' lang='lat' dir='ltr'><strong>afficere</strong></span> <span class='ocrx_word' id='word_1_268' title='bbox 720 3049 811 3113; x_wconf 91' lang='lat' dir='ltr'><strong>Pauli</strong></span> <span class='ocrx_word' id='word_1_269' title='bbox 826 3050 975 3113; x_wconf 90' lang='lat' dir='ltr'><strong>animum.</strong></span> <span class='ocrx_word' id='word_1_270' title='bbox 1019 3051 1172 3114; x_wconf 87' lang='lat' dir='ltr'><strong>Attamen</strong></span> <span class='ocrx_word' id='word_1_271' title='bbox 1185 3047 1372 3129; x_wconf 73' lang='lat' dir='ltr'><strong>Apostolus</strong></span> <span class='ocrx_word' id='word_1_272' title='bbox 1391 3048 1523 3112; x_wconf 90' lang='grc'><strong>1111111-</strong></span> 
     </span>
     <span class='ocr_line' id='line_1_33' title="bbox 290 3132 1523 3214; baseline 0.001 -17"><span class='ocrx_word' id='word_1_273' title='bbox 290 3134 389 3198; x_wconf 90' lang='lat' dir='ltr'><strong>simus</strong></span> <span class='ocrx_word' id='word_1_274' title='bbox 405 3152 424 3198; x_wconf 90' lang='grc'><strong>1</strong></span> <span class='ocrx_word' id='word_1_275' title='bbox 440 3135 612 3198; x_wconf 90' lang='lat' dir='ltr'><strong>severitate</strong></span> <span class='ocrx_word' id='word_1_276' title='bbox 626 3154 690 3199; x_wconf 91' lang='lat' dir='ltr'><strong>non</strong></span> <span class='ocrx_word' id='word_1_277' title='bbox 704 3134 852 3199; x_wconf 90' lang='lat' dir='ltr'><strong>absolute</strong></span> <span class='ocrx_word' id='word_1_278' title='bbox 866 3135 1048 3200; x_wconf 89' lang='lat' dir='ltr'><strong>necessaria</strong></span> <span class='ocrx_word' id='word_1_279' title='bbox 1062 3153 1140 3199; x_wconf 90' lang='lat' dir='ltr'><strong>usus</strong></span> <span class='ocrx_word' id='word_1_280' title='bbox 1156 3139 1207 3199; x_wconf 92' lang='lat' dir='ltr'><strong>est</strong></span> <span class='ocrx_word' id='word_1_281' title='bbox 1221 3134 1427 3214; x_wconf 90' lang='lat' dir='ltr'><strong>benignitate.</strong></span> <span class='ocrx_word' id='word_1_282' title='bbox 1470 3132 1523 3198; x_wconf 91' lang='lat' dir='ltr'><strong>Ne</strong></span> 
     </span>
     <span class='ocr_line' id='line_1_34' title="bbox 289 3217 1524 3300; baseline -0.002 -16"><span class='ocrx_word' id='word_1_283' title='bbox 289 3219 433 3284; x_wconf 90' lang='lat' dir='ltr'><strong>severius</strong></span> <span class='ocrx_word' id='word_1_284' title='bbox 458 3219 572 3299; x_wconf 91' lang='lat' dir='ltr'><strong>punire</strong></span> <span class='ocrx_word' id='word_1_285' title='bbox 604 3227 773 3300; x_wconf 88' lang='lat' dir='ltr'><strong>cogeretur</strong></span> <span class='ocrx_word' id='word_1_286' title='bbox 810 3219 962 3300; x_wconf 88' lang='lat' dir='ltr'><strong>superbia</strong></span> <span class='ocrx_word' id='word_1_287' title='bbox 993 3218 1120 3285; x_wconf 90' lang='lat' dir='ltr'><strong>inflatos</strong></span> <span class='ocrx_word' id='word_1_288' title='bbox 1150 3225 1224 3300; x_wconf 89' lang='lat' dir='ltr'><strong>post</strong></span> <span class='ocrx_word' id='word_1_289' title='bbox 1253 3236 1348 3282; x_wconf 90' lang='lat' dir='ltr'><strong>suum</strong></span> <span class='ocrx_word' id='word_1_290' title='bbox 1374 3217 1524 3283; x_wconf 81' lang='lat' dir='ltr'><strong>Corinthi</strong></span> 
     </span>
     <span class='ocr_line' id='line_1_35' title="bbox 289 3304 1523 3385; baseline -0.002 -16"><span class='ocrx_word' id='word_1_291' title='bbox 289 3306 478 3382; x_wconf 91' lang='lat' dir='ltr'><strong>adventum,</strong></span> <span class='ocrx_word' id='word_1_292' title='bbox 503 3322 599 3384; x_wconf 91' lang='lat' dir='ltr'><strong>quem</strong></span> <span class='ocrx_word' id='word_1_293' title='bbox 615 3304 676 3368; x_wconf 93' lang='lat' dir='ltr'><strong>sibi</strong></span> <span class='ocrx_word' id='word_1_294' title='bbox 690 3311 920 3385; x_wconf 86' lang='lat' dir='ltr'><strong>proposuerat,</strong></span> <span class='ocrx_word' id='word_1_295' title='bbox 943 3305 1110 3385; x_wconf 91' lang='lat' dir='ltr'><strong>praemisit</strong></span> <span class='ocrx_word' id='word_1_296' title='bbox 1125 3304 1343 3383; x_wconf 89' lang='lat' dir='ltr'><strong>Timotheum,</strong></span> <span class='ocrx_word' id='word_1_297' title='bbox 1360 3304 1523 3368; x_wconf 90' lang='lat' dir='ltr'><strong>sincerum</strong></span> 
     </span>
     <span class='ocr_line' id='line_1_36' title="bbox 289 3387 1523 3472; baseline -0.001 -19"><span class='ocrx_word' id='word_1_298' title='bbox 289 3389 455 3455; x_wconf 89' lang='lat' dir='ltr'><strong>doctrinae</strong></span> <span class='ocrx_word' id='word_1_299' title='bbox 472 3398 504 3454; x_wconf 90' lang='lat' dir='ltr'><strong>et</strong></span> <span class='ocrx_word' id='word_1_300' title='bbox 519 3387 694 3453; x_wconf 90' lang='lat' dir='ltr'><strong>voluntatis</strong></span> <span class='ocrx_word' id='word_1_301' title='bbox 710 3408 787 3454; x_wconf 89' lang='lat' dir='ltr'><strong>suae</strong></span> <span class='ocrx_word' id='word_1_302' title='bbox 802 3390 1011 3470; x_wconf 90' lang='lat' dir='ltr'><strong>interpretem</strong></span> <span class='ocrx_word' id='word_1_303' title='bbox 1027 3388 1071 3469; x_wconf 84' lang='lat'><strong>(4,</strong></span> <span class='ocrx_word' id='word_1_304' title='bbox 1090 3391 1161 3472; x_wconf 82' lang='grc'><strong>17),</strong></span> <span class='ocrx_word' id='word_1_305' title='bbox 1178 3390 1252 3454; x_wconf 91' lang='grc'><strong>(1111</strong></span> <span class='ocrx_word' id='word_1_306' title='bbox 1267 3388 1438 3470; x_wconf 89' lang='lat' dir='ltr'><strong>epistolam</strong></span> <span class='ocrx_word' id='word_1_307' title='bbox 1451 3388 1523 3452; x_wconf 93' lang='lat' dir='ltr'><strong>lon-</strong></span> 
     </span>
     <span class='ocr_line' id='line_1_37' title="bbox 290 3474 1523 3556; baseline 0 -19"><span class='ocrx_word' id='word_1_308' title='bbox 290 3474 412 3556; x_wconf 90' lang='lat' dir='ltr'><strong>giorem</strong></span> <span class='ocrx_word' id='word_1_309' title='bbox 429 3475 566 3555; x_wconf 90' lang='lat' dir='ltr'><strong>scripsit,</strong></span> <span class='ocrx_word' id='word_1_310' title='bbox 582 3475 614 3538; x_wconf 94' lang='grc'><strong>11</strong></span> <span class='ocrx_word' id='word_1_311' title='bbox 630 3492 694 3555; x_wconf 88' lang='lat' dir='ltr'><strong>qua</strong></span> <span class='ocrx_word' id='word_1_312' title='bbox 709 3475 829 3538; x_wconf 88' lang='lat' dir='ltr'><strong>abusus</strong></span> <span class='ocrx_word' id='word_1_313' title='bbox 846 3483 879 3538; x_wconf 90' lang='lat' dir='ltr'><strong>et</strong></span> <span class='ocrx_word' id='word_1_314' title='bbox 893 3475 971 3539; x_wconf 91' lang='lat' dir='ltr'><strong>vitia</strong></span> <span class='ocrx_word' id='word_1_315' title='bbox 983 3475 1198 3556; x_wconf 88' lang='lat' dir='ltr'><strong>reprehendit,</strong></span> <span class='ocrx_word' id='word_1_316' title='bbox 1215 3493 1324 3539; x_wconf 91' lang='lat' dir='ltr'><strong>omnes</strong></span> <span class='ocrx_word' id='word_1_317' title='bbox 1335 3475 1378 3538; x_wconf 90' lang='lat' dir='ltr'><strong>ad</strong></span> <span class='ocrx_word' id='word_1_318' title='bbox 1390 3491 1523 3538; x_wconf 91' lang='lat' dir='ltr'><strong>concor-</strong></span> 
     </span>
     <span class='ocr_line' id='line_1_38' title="bbox 290 3558 1015 3624; baseline 0.001 -2"><span class='ocrx_word' id='word_1_319' title='bbox 290 3559 376 3623; x_wconf 92' lang='lat' dir='ltr'><strong>diam</strong></span> <span class='ocrx_word' id='word_1_320' title='bbox 391 3560 545 3624; x_wconf 91' lang='lat' dir='ltr'><strong>reducere</strong></span> <span class='ocrx_word' id='word_1_321' title='bbox 560 3565 594 3624; x_wconf 91' lang='lat' dir='ltr'><strong>et</strong></span> <span class='ocrx_word' id='word_1_322' title='bbox 608 3579 627 3624; x_wconf 92' lang='lat' dir='ltr'><strong>a</strong></span> <span class='ocrx_word' id='word_1_323' title='bbox 642 3558 728 3624; x_wconf 90' lang='lat' dir='ltr'><strong>fastu</strong></span> <span class='ocrx_word' id='word_1_324' title='bbox 745 3579 859 3624; x_wconf 87' lang='lat' dir='ltr'><strong>sanare</strong></span> <span class='ocrx_word' id='word_1_325' title='bbox 874 3566 1015 3624; x_wconf 90' lang='lat' dir='ltr'><strong>conatur.</strong></span> 
     </span>
    </p>
   </div>
   <div class='ocr_carea' id='block_1_3' title="bbox 694 3779 1113 3977">
    <p class='ocr_par' dir='ltr' id='par_1_4' title="bbox 694 3779 1113 3977">
     <span class='ocr_line' id='line_1_39' title="bbox 866 3780 963 3844; baseline -0.01 0"><span class='ocrx_word' id='word_1_326' title='bbox 866 3831 872 3844; x_wconf 95' lang='lat'>.</span> <span class='ocrx_word' id='word_1_327' title='bbox 893 3780 963 3844; x_wconf 88' lang='lat'>168.</span> 
     </span>
     <span class='ocr_line' id='line_1_40' title="bbox 694 3779 1113 3977; baseline 0.002 -12"><span class='ocrx_word' id='word_1_328' title='bbox 694 3779 929 3976; x_wconf 51' lang='lat' dir='ltr'><strong>Armenium</strong></span> <span class='ocrx_word' id='word_1_329' title='bbox 948 3915 1113 3977; x_wconf 78' lang='lat' dir='ltr'><strong>epistolae.</strong></span> 
     </span>
    </p>
   </div>
   <div class='ocr_carea' id='block_1_4' title="bbox 291 4065 1526 4659">
    <p class='ocr_par' dir='ltr' id='par_1_5' title="bbox 293 4065 1522 4219">
     <span class='ocr_line' id='line_1_41' title="bbox 377 4065 1522 4150; baseline 0 -20"><span class='ocrx_word' id='word_1_330' title='bbox 377 4065 427 4130; x_wconf 82' lang='lat' dir='ltr'><strong>Ar</strong></span> <span class='ocrx_word' id='word_1_331' title='bbox 447 4079 605 4129; x_wconf 77' lang='grc'><strong>1111111111</strong></span> <span class='ocrx_word' id='word_1_332' title='bbox 633 4067 728 4149; x_wconf 91' lang='lat' dir='ltr'><strong>hujus</strong></span> <span class='ocrx_word' id='word_1_333' title='bbox 757 4068 913 4150; x_wconf 88' lang='lat' dir='ltr'><strong>epistolae</strong></span> <span class='ocrx_word' id='word_1_334' title='bbox 940 4087 1000 4147; x_wconf 89' lang='lat' dir='ltr'><strong>pro</strong></span> <span class='ocrx_word' id='word_1_335' title='bbox 1029 4067 1217 4132; x_wconf 91' lang='lat' dir='ltr'><strong>diversitate</strong></span> <span class='ocrx_word' id='word_1_336' title='bbox 1246 4067 1422 4132; x_wconf 89' lang='lat' dir='ltr'><strong>occasionis</strong></span> <span class='ocrx_word' id='word_1_337' title='bbox 1452 4067 1522 4147; x_wconf 90' lang='lat' dir='ltr'><strong>ejus</strong></span> 
     </span>
     <span class='ocr_line' id='line_1_42' title="bbox 293 4151 694 4219; baseline -0.005 0"><span class='ocrx_word' id='word_1_338' title='bbox 293 4153 418 4219; x_wconf 89' lang='lat' dir='ltr'><strong>scriben</strong></span> <span class='ocrx_word' id='word_1_339' title='bbox 464 4151 620 4215; x_wconf 89' lang='lat' dir='ltr'><strong>evarium</strong></span> <span class='ocrx_word' id='word_1_340' title='bbox 636 4157 694 4216; x_wconf 91' lang='lat' dir='ltr'><strong>est.</strong></span> 
     </span>
    </p>

    <p class='ocr_par' dir='ltr' id='par_1_6' title="bbox 291 4236 1526 4659">
     <span class='ocr_line' id='line_1_43' title="bbox 376 4236 1523 4318; baseline -0.001 -16"><span class='ocrx_word' id='word_1_341' title='bbox 376 4237 560 4302; x_wconf 68' lang='lat' dir='ltr'><strong>Praemisso</strong></span> <span class='ocrx_word' id='word_1_342' title='bbox 589 4236 789 4302; x_wconf 88' lang='lat' dir='ltr'><strong>dedicatione</strong></span> <span class='ocrx_word' id='word_1_343' title='bbox 819 4243 851 4301; x_wconf 92' lang='grc'><strong>11</strong></span> <span class='ocrx_word' id='word_1_344' title='bbox 881 4236 1076 4302; x_wconf 88' lang='grc'><strong>11111111111</strong></span> <span class='ocrx_word' id='word_1_345' title='bbox 1104 4236 1297 4318; x_wconf 82' lang='lat' dir='ltr'><strong>Apostolus,</strong></span> <span class='ocrx_word' id='word_1_346' title='bbox 1332 4243 1370 4300; x_wconf 93' lang='lat' dir='ltr'><strong>ut</strong></span> <span class='ocrx_word' id='word_1_347' title='bbox 1398 4237 1523 4301; x_wconf 88' lang='lat' dir='ltr'><strong>animos</strong></span> 
     </span>
     <span class='ocr_line' id='line_1_44' title="bbox 291 4321 1523 4404; baseline 0 -17"><span class='ocrx_word' id='word_1_348' title='bbox 291 4323 447 4388; x_wconf 90' lang='lat' dir='ltr'><strong>lectorum</strong></span> <span class='ocrx_word' id='word_1_349' title='bbox 462 4321 524 4386; x_wconf 94' lang='lat' dir='ltr'><strong>sibi</strong></span> <span class='ocrx_word' id='word_1_350' title='bbox 540 4321 698 4401; x_wconf 83' lang='lat' dir='ltr'><strong>concibat,</strong></span> <span class='ocrx_word' id='word_1_351' title='bbox 725 4322 794 4386; x_wconf 91' lang='lat' dir='ltr'><strong>Deo</strong></span> <span class='ocrx_word' id='word_1_352' title='bbox 810 4323 932 4403; x_wconf 90' lang='lat' dir='ltr'><strong>gratias</strong></span> <span class='ocrx_word' id='word_1_353' title='bbox 955 4323 1024 4402; x_wconf 89' lang='lat' dir='ltr'><strong>agit</strong></span> <span class='ocrx_word' id='word_1_354' title='bbox 1046 4322 1086 4388; x_wconf 92' lang='lat' dir='ltr'><strong>ob</strong></span> <span class='ocrx_word' id='word_1_355' title='bbox 1111 4322 1293 4404; x_wconf 88' lang='lat' dir='ltr'><strong>spiritualia</strong></span> <span class='ocrx_word' id='word_1_356' title='bbox 1312 4321 1412 4402; x_wconf 89' lang='lat' dir='ltr'><strong>bona,</strong></span> <span class='ocrx_word' id='word_1_357' title='bbox 1438 4339 1523 4403; x_wconf 89' lang='lat' dir='ltr'><strong>quae</strong></span> 
     </span>
     <span class='ocr_line' id='line_1_45' title="bbox 293 4407 1524 4490; baseline -0.002 -17"><span class='ocrx_word' id='word_1_358' title='bbox 293 4410 339 4474; x_wconf 87' lang='lat' dir='ltr'><strong>eis</strong></span> <span class='ocrx_word' id='word_1_359' title='bbox 354 4408 395 4472; x_wconf 89' lang='lat' dir='ltr'><strong>ab</strong></span> <span class='ocrx_word' id='word_1_360' title='bbox 411 4408 465 4472; x_wconf 92' lang='lat' dir='ltr'><strong>illo</strong></span> <span class='ocrx_word' id='word_1_361' title='bbox 481 4407 673 4488; x_wconf 90' lang='lat' dir='ltr'><strong>contigerint</strong></span> <span class='ocrx_word' id='word_1_362' title='bbox 689 4408 723 4486; x_wconf 89' lang='lat'><strong>1,</strong></span> <span class='ocrx_word' id='word_1_363' title='bbox 741 4408 859 4486; x_wconf 84' lang='lat'>1-9.‚</span> <span class='ocrx_word' id='word_1_364' title='bbox 880 4412 914 4470; x_wconf 92' lang='lat' dir='ltr'><strong>et</strong></span> <span class='ocrx_word' id='word_1_365' title='bbox 928 4408 1039 4472; x_wconf 88' lang='lat' dir='ltr'><strong>statim</strong></span> <span class='ocrx_word' id='word_1_366' title='bbox 1053 4408 1170 4472; x_wconf 91' lang='lat' dir='ltr'><strong>transit</strong></span> <span class='ocrx_word' id='word_1_367' title='bbox 1184 4407 1226 4471; x_wconf 91' lang='lat' dir='ltr'><strong>ad</strong></span> <span class='ocrx_word' id='word_1_368' title='bbox 1247 4408 1375 4472; x_wconf 89' lang='lat' dir='ltr'><strong>diversa</strong></span> <span class='ocrx_word' id='word_1_369' title='bbox 1395 4408 1524 4490; x_wconf 82' lang='lat' dir='ltr'><strong>objecta</strong></span> 
     </span>
     <span class='ocr_line' id='line_1_46' title="bbox 292 4492 1523 4575; baseline -0.001 -18"><span class='ocrx_word' id='word_1_370' title='bbox 292 4493 477 4572; x_wconf 91' lang='lat' dir='ltr'><strong>tractanda,</strong></span> <span class='ocrx_word' id='word_1_371' title='bbox 503 4498 536 4557; x_wconf 91' lang='lat' dir='ltr'><strong>et</strong></span> <span class='ocrx_word' id='word_1_372' title='bbox 558 4492 687 4572; x_wconf 90' lang='lat' dir='ltr'><strong>quidem</strong></span> <span class='ocrx_word' id='word_1_373' title='bbox 702 4493 735 4554; x_wconf 78' lang='lat' dir='ltr'><strong>io</strong></span> <span class='ocrx_word' id='word_1_374' title='bbox 745 4504 839 4575; x_wconf 79' lang='lat' dir='ltr'><strong>parte</strong></span> <span class='ocrx_word' id='word_1_375' title='bbox 853 4492 880 4555; x_wconf 90' lang='grc' dir='ltr'><strong>Ι.</strong></span> <span class='ocrx_word' id='word_1_376' title='bbox 897 4493 1061 4557; x_wconf 83' lang='lat' dir='ltr'><strong>exorditur</strong></span> <span class='ocrx_word' id='word_1_377' title='bbox 1082 4513 1102 4557; x_wconf 90' lang='lat' dir='ltr'><strong>a</strong></span> <span class='ocrx_word' id='word_1_378' title='bbox 1116 4493 1237 4558; x_wconf 92' lang='lat' dir='ltr'><strong>monito</strong></span> <span class='ocrx_word' id='word_1_379' title='bbox 1252 4493 1295 4556; x_wconf 93' lang='lat' dir='ltr'><strong>ad</strong></span> <span class='ocrx_word' id='word_1_380' title='bbox 1310 4493 1523 4573; x_wconf 88' lang='lat' dir='ltr'><strong>concordiam,</strong></span> 
     </span>
     <span class='ocr_line' id='line_1_47' title="bbox 294 4575 1526 4659; baseline -0.002 -14"><span class='ocrx_word' id='word_1_381' title='bbox 294 4596 405 4645; x_wconf 90' lang='lat' dir='ltr'><strong>severe</strong></span> <span class='ocrx_word' id='word_1_382' title='bbox 420 4577 627 4659; x_wconf 90' lang='lat' dir='ltr'><strong>reprehendit</strong></span> <span class='ocrx_word' id='word_1_383' title='bbox 643 4575 880 4642; x_wconf 91' lang='lat' dir='ltr'><strong>Corinthiorum</strong></span> <span class='ocrx_word' id='word_1_384' title='bbox 895 4577 1082 4658; x_wconf 87' lang='lat' dir='ltr'><strong>schismata,</strong></span> <span class='ocrx_word' id='word_1_385' title='bbox 1107 4597 1144 4643; x_wconf 88' lang='grc'><strong>11(</strong></span> <span class='ocrx_word' id='word_1_386' title='bbox 1157 4578 1280 4659; x_wconf 89' lang='lat' dir='ltr'><strong>injusta</strong></span> <span class='ocrx_word' id='word_1_387' title='bbox 1297 4577 1526 4643; x_wconf 89' lang='lat' dir='ltr'><strong>aestimatione</strong></span> 
     </span>
    </p>
   </div>
   <div class='ocr_carea' id='block_1_5' title="bbox 0 0 1698 5156">
    <p class='ocr_par' dir='ltr' id='par_1_7' title="bbox 0 0 1698 5156">
     <span class='ocr_line' id='line_1_48' title="bbox 0 0 1698 5156; baseline 0 0"><span class='ocrx_word' id='word_1_388' title='bbox 0 0 1698 5156; x_wconf 95' lang='lat' dir='ltr'><strong> </strong></span> 
     </span>
    </p>
   </div>
  </div>
 </body>
</html>
