3428 5180
638 291 922 356 *329-

166 461 258 528 sebio
280 466 471 546 argumenta
491 459 641 527 nonnulla
663 481 701 528 ex
721 461 906 543 apocalypsi
920 460 941 526 J
942 460 1053 526 oannis
1067 459 1162 542 petiit
1177 464 1287 525 contra
1301 460 1391 525 Mon·

163 552 303 612 sanans
1283 599 1290 608 ,,

253 629 458 716 Hippolytae,
471 629 603 697 Adenae
613 631 647 695 in
653 630 775 696 Arabia
790 629 1191 713 episcopus(c.ann.230.),
1206 630 1262 710 qui
1275 629 1392 695 librum

166 717 300 798 scripsit
314 717 355 782 de
368 716 548 797 heremaro,
568 716 609 782 de
626 715 753 782 Christo
769 721 802 782 et
815 715 1022 796 Antichristo,
1043 715 1153 796 inquo
1168 715 1253 780 inter
1267 715 1330 780 alia
1345 713 1392 780 di-

167 802 228 870 cit:
242 800 483 886 „Ipsaslooaaes
496 801 531 866 cio
545 801 772 866 insalaPatrao
783 800 863 866 cidit
874 824 894 864 ο
918 799 1119 886 ecclypsia;“
1132 805 1165 866 et
1175 800 1291 866 sonus:
1308 801 1393 882 „Die

165 886 251 950 ma'lro‘
261 888 347 951 baete
362 886 501 951 Joaaoes
515 885 665 971 Apostots
680 899 708 950 et
723 885 878 972 discipule
926 887 1032 968 omaiss}
1049 885 1129 970 qaid
1140 885 1308 950 adsere

257 970 444 1054 Mochadion,
461 970 631 1054 episcopus
640 972 766 1056 Olympi
781 971 927 1053 inLycia,
943 971 1046 1036 serius
1053 970 1130 1053 Tyri
1145 971 1228 1036 circa
1242 969 1294 1035 fin.
1310 989 1392 1037 saec.

166 1057 238 1137 111.
263 1058 508 1122 commentarios
524 1057 652 1138 scripsit
666 1058 699 1122 in
713 1056 928 1138 apocalypsin,
950 1057 983 1120 in
998 1056 1069 1121 ahis
1092 1056 1189 1121 etiam
1203 1056 1293 1121 libris
1308 1060 1393 1122 teste

99 1177 101 1184 ι
165 1141 285 1207 Photio
301 1142 344 1206 ad
359 1141 566 1224 apocalypsin
578 1141 599 1207 J
601 1142 711 1208 oannis
725 1143 920 1223 provocavit.

255 1225 523 1314 Dplraeaasdyr.
539 1245 621 1292 saec.
632 1227 687 1291 IV.
703 1227 909 1309 apocalypsin
923 1225 1095 1307 adscripsit
1104 1226 1125 1290 J
1127 1226 1220 1291 oanni
1234 1225 1392 1308 theologo,

165 1311 257 1394 quod
272 1311 435 1392 peculiare
449 1316 520 1377 erat
535 1330 708 1394 cognomen
716 1313 737 1377 J
739 1313 849 1378 oannis
856 1309 1013 1393 Apostoli,
1029 1318 1061 1376 et
1077 1329 1147 1376 eam
1161 1310 1346 1392 frequenter
1360 1313 1393 1376 in

164 1397 300 1478 scriptis
315 1397 382 1462 suis
398 1396 517 1462 citavit.
532 1432 575 1442 -
589 1397 712 1463 Eadem
727 1398 767 1464 de
783 1396 966 1479 apocalypsi
980 1397 1147 1478 persuasio
1168 1401 1237 1462 erat
1258 1421 1282 1462 s.
1297 1397 1392 1462 Basi-

165 1481 223 1565 ls’o,
240 1480 388 1568 Greqorio
403 1481 498 1566 Nysa.
515 1485 549 1548 et
562 1505 587 1545 s.
603 1482 796 1567 Epiphania.
852 1527 856 1538 .

256 1567 286 1632 2.
318 1566 398 1632 Cum
412 1567 644 1648 antiquissimis
658 1568 746 1635 hisce
761 1566 899 1634 testibus
910 1567 1008 1632 Asiae
1023 1567 1216 1633 concordant
1230 1569 1395 1652 scriptores

163 1650 244 1718 eccl.
258 1649 420 1736 Asaraei,
434 1652 483 1718 uti

258 1735 399 1802 Clemens
413 1737 518 1818 Alea,
540 1738 643 1819 quiin
658 1735 809 1818 operibus
824 1736 892 1802 suis
905 1734 1091 1817 frequenter
1104 1735 1247 1816 loquitur
1262 1737 1302 1801 de
1317 1755 1394 1817 apo-

166 1822 293 1904 calypsi
308 1822 441 1889 Joannis
455 1823 568 1904 Apost.
583 1827 620 1886 ut
635 1823 675 1887 de
689 1822 787 1902 libro,
809 1822 851 1888 de
872 1841 935 1903 quo
950 1821 1035 1887 inter
1049 1839 1158 1886 omnes
1174 1826 1312 1901 constet,
1335 1840 1394 1887 nec

165 1910 238 1975 sine
254 1907 356 1972 mnilta
370 1907 466 1973 laude
483 1906 617 1974 eandem
630 1925 740 1972 vocem
755 1907 965 1989 apostohcam
979 1911 1097 1972 νοαιλ.3

257 1991 415 2076 elapsas,
436 1993 581 2075 ejusdem
596 1992 781 2073 discipulus,
805 1992 865 2058 etsi
880 1993 1011 2072 sciehat,
1034 1991 1191 2056 nonnullis
1208 1991 1393 2057 Corinthum

164 2078 243 2143 libri
257 2077 354 2159 hujus
368 2077 470 2143 videri
484 2081 663 2157 auctorem,
683 2077 886 2143 tenacissime
900 2082 1009 2143 tamen
1023 2077 1169 2158 magistri
1184 2077 1234 2141 sui
1248 2077 1393 2159 vestigiis

165 2163 339 2228 inhaerens
354 2163 470 2228 Joanni
484 2163 596 2243 Apost.
611 2162 701 2226 illum
716 2162 904 2243 vindicavit,
927 2169 1025 2244 atque
1044 2163 1077 2226 in
1097 2161 1250 2226 librorum
1266 2163 1392 2228 canoni·
1455 2208 1457 2212 .

167 2266 280 2316 corum
296 2246 442 2328 catalogo
457 2247 641 2313 recensuit.4

158 2353 160 2358 ·
257 2332 472 2396 Tertullianus
487 2333 529 2398 ad
542 2333 765 2398 vindicandam
780 2331 801 2396 J
803 2333 897 2397 oanni
911 2333 1023 2414 Apost.
1039 2331 1244 2413 apocalypsin
1266 2333 1308 2396 ad
1323 2333 1392 2415 ejus

169 2418 316 2484 alumnas
331 2416 482 2482 ecclesias
496 2422 675 2499 provocat⁵

256 2502 287 2567 S.
305 2500 484 2586 Cypriacae
497 2503 703 2584 apocalypsin
718 2502 847 2567 Domini
860 2520 984 2582 vocem,
1008 2501 1200 2583 scripturam
1221 2519 1345 2567 sacram
1359 2503 1392 2566 in

167 2588 321 2672 operibus
337 2587 404 2652 suis
418 2594 535 2653 vocat.6
897 2639 899 2642 .

255 2673 327 2737 Huc
339 2672 436 2737 etiarn
445 2673 608 2753 pertinent
621 2695 644 2735 s.
655 2671 819 2752 Asianos„
835 2670 1005 2756 Didymos,
1020 2695 1044 2734 s.
1056 2671 1250 2758 Aayasatss
1264 2672 1392 2754 aliique.

229 2835 233 2842 1
255 2760 285 2822 3.
314 2757 364 2820 Ex
376 2757 427 2837 iiS,
443 2757 498 2838 qui
512 2758 546 2821 ia
562 2757 696 2822 divesis
710 2755 860 2840 Ereropae
868 2757 1014 2841 partiliter
1029 2756 1235 2838 scripserunt,
1257 2776 1392 2824 comme·

168 2844 289 2910 morari
301 2847 478 2907 merentur:

256 2926 288 2992 S.
303 2929 452 2992 [rasas
467 2945 505 2992 ex
519 2926 598 2994 Asia
610 2925 748 3005 minore,
770 2925 981 3007 probabihter
996 2926 1130 3007 Smymt
1145 2926 1313 3007 emundor,
1336 2929 1392 3008 qui

166 3013 336 3092 loannem,
351 3011 479 3077 Domini
493 3011 685 3095 discipulum
699 3012 929 3094 apocalypseos
944 3016 1108 3077 auctorem
1122 3017 1238 3076 vocat.⁷

194 3265 201 3283 Ι
239 3201 250 3232 ¹
267 3195 334 3251 Eue.
350 3196 377 3250 h.
394 3209 417 3250 6.
435 3194 467 3249 V.
482 3193 535 3250 18.:
559 3200 698 3270 Κέχρηται
714 3197 745 3252 δὲ
761 3200 806 3252 καλ
822 3200 988 3270 μαρτυρίαις
1000 3193 1061 3251 Ιἀπὸ
1079 3197 1128 3263 τῆς
1137 3191 1266 3252 Ἰωάννου
1282 3193 1391 3251 ἀποκα-

166 3271 358 3387 λυψελωὸοηοῐι
369 3329 461 3401 pasch.
474 3329 546 3404 ὑπὲρ
559 3332 612 3388 τοῦ
623 3331 692 3387 κατὰ
701 3330 833 3402 Ἰωάννην
849 3330 1009 3402 εὐαγγελίου
1025 3336 1071 3386 καὶ
1082 3329 1291 3396 ἀποκαλύψεως.
1313 3331 1391 3386 Ebed

166 3401 237 3456 Jesu
249 3400 328 3454 catal.
340 3399 400 3453 libr.
413 3398 472 3469 Syr.
485 3414 508 3452 c.
520 3399 557 3453 8.:
579 3399 623 3465 „s
635 3399 796 3470 Hippolytus
815 3404 917 3468 martyr
933 3400 1073 3468 episcopus
1091 3398 1237 3467 composuit
1247 3398 1346 3452 librum
1358 3399 1392 3454 de

169 3468 370 3548 dispensatione
419 3473 452 3546 οι·
458 3466 607 3536 apologiam
620 3483 669 3536 pro
680 3467 834 3590 apocalypsi
847 3473 874 3521 et
885 3469 1021 3536 evangelio
1032 3468 1050 3520 J
1051 3483 1127 3520 oann.
1140 3467 1262 3534 Apostoli
1274 3473 1301 3521 et
1312 3482 1391 3522 evan·

187 3537 308 3592 ehstae.“
332 3536 373 3589 De
390 3534 497 3589 Christo
513 3540 540 3589 et
556 3535 722 3589 Antichristo
738 3538 760 3603 ξ.
809 3557 827 3589 .:
852 3535 919 3600 „Hic
936 3536 1006 3589 enim
1019 3535 1170 3604 (loannes),
1191 3551 1251 3588 cum
1262 3536 1291 3589 in
1301 3535 1392 3590 insula

167 3555 264 3660 {atino
276 3608 435 3668 versaretur,
447 3602 521 3656 videt
532 3603 704 3672 apocalypsin
716 3618 769 3671 qua
780 3603 886 3658 detecta
897 3603 1030 3658 horrenda
1039 3603 1173 3672 mysteria,
1185 3617 1268 3671 eaque
1276 3618 1391 3660 narrans

168 3675 251 3728 etiam
263 3672 330 3726 alios
341 3670 443 3725 affatim
456 3669 539 3725 docet.
573 3671 637 3736 Dic,
674 3686 755 3725 uaeso
771 3671 848 3725 beate
859 3670 877 3724 J
878 3686 977 3726 oannes
989 3673 1082 3740 Apost.
1096 3676 1123 3724 et
1133 3671 1240 3725 Domini
1252 3672 1390 3741 discipule,

168 3741 295 3845 quidpam
306 3737 432 3792 audivisti
442 3743 470 3790 et
481 3737 571 3792 vidisti
582 3739 615 3792 de
626 3687 796 3808 BaityloneD

237 3880 253 3956 ⁴·
266 3808 381 3930 gadal?
393 3806 427 3928 Iel.
437 3805 491 3928 gf
500 3805 790 3943 {gioglnglcolffrmagnt
808 3874 836 3928 in
848 3873 865 3928 J
866 3887 942 3928 oann.
956 3879 1018 3927 tom.
1031 3875 1051 3928 Ι.
1064 3873 1114 3928 vol.
1127 3873 1173 3928 IV.
1186 3875 1248 3929 edit.
1261 3875 1341 3929 Huet.
1354 3875 1389 3929 Π.

170 3946 212 4000 14.
221 3944 302 3998 dicit:
329 3947 423 4006 Φησλν
434 3939 486 3998 οὖν
498 3943 529 3998 ἐν
541 3945 575 4010 τῆ
587 3942 764 4016 ἀποκαλύψει
777 3942 792 3997 ὁ
805 3945 856 3997 τοῦ
868 3944 1019 4011 Ζεβεδαίου
1029 3941 1163 4012 Ἰωάννης.

239 4016 249 4046 ⁵
267 4012 334 4065 Adv.
347 4009 511 4064 Marcionem
523 3998 569 4064 IV.
581 4013 618 4065 h:
642 4011 779 4064 Habemus
795 4015 823 4064 et
834 4009 944 4064 Joannis
961 4009 1083 4064 alumnas
1100 4010 1241 4077 ecclesias3
1262 4025 1323 4063 nam
1340 4009 1392 4070 etsi

168 4079 342 4203 apgcalypsin
354 4077 551 4200 egplstllgalrcctmpe
555 4080 666 4148 respuit,
684 4079 748 4134 ordo
759 4086 849 4133 tamen
866 4079 1051 4146 episcoporum
1068 4078 1102 4132 ad
1119 4079 1247 4146 originem
1265 4093 1393 4132 recensus

167 4166 197 4204 m
226 4162 364 4202 oannems
411 4163 420 4198 1
552 4162 586 4200 m.

238 4220 249 4252 ⁶
267 4215 321 4270 Cir.
334 4216 367 4270 de
378 4214 446 4268 hono
456 4213 567 4282 patient.
580 4229 602 4268 c.
615 4215 657 4269 24.

239 4288 249 4320 ⁷
267 4285 380 4339 Advers.
392 4282 495 4336 haeres.
508 4283 540 4336 V.
552 4283 607 4337 ih:
621 4282 785 4352 Significavit
795 4282 912 4337 Joannes
921 4281 1029 4336 Domini
1040 4281 1187 4349 discipulus
1198 4281 1227 4335 in
1238 4279 1393 4349 apocalypsi

169 4353 329 4417 edisserens,
342 4366 410 4421 quae
421 4349 521 4404 fuerint
533 4350 625 4404 decem
636 4366 736 4406 cornua
748 4357 797 4405 ete.
812 4353 896 4418 (apoc.
910 4351 950 4415 17,
967 4351 1004 4402 12.
1018 4351 1079 4418 13.).
1103 4349 1169 4403 Ibid.
1183 4349 1215 4403 V.
1228 4350 1269 4403 30.
1283 4349 1316 4402 ad
1330 4364 1391 4416 pro-

168 4420 287 4477 bandum
300 4435 439 4474 numerum
451 4418 564 4472 nominis
580 4419 702 4473 animalis
719 4420 769 4473 666
786 4424 910 4487 provocat
926 4419 960 4472 ad
976 4418 1157 4472 testimonium
1172 4417 1263 4472 αὐτῶν
1280 4420 1393 4472 ἐκείνων

170 4491 228 4546 τῶν
240 4490 296 4544 κατ’
310 4489 382 4559 ὄψιν
394 4485 445 4541 τὸν
457 4485 586 4556 Ἰωάννην
598 4487 772 4556 ἑωρακότων,
793 4502 842 4555 per
853 4503 918 4555 quos
929 4487 1040 4556 Papiam
1053 4493 1080 4541 et
1092 4503 1112 4540 s.
1125 4486 1301 4556 Polycarpum
1312 4483 1391 4538 intel·

169 4558 254 4627 ligere
266 4557 385 4611 creditur
397 4553 456 4624 (cfr.
469 4568 543 4622 apoc.
557 4556 597 4622 13,
610 4558 671 4623 la).
