3428 5180
783 389 850 399 --
894 355 957 418 310
996 319 1067 398 ‘—

310 528 410 595 libelli
431 530 465 593 in
486 527 590 593 vicina
608 525 792 591 Palaestina
814 524 926 605 scripti
947 524 1067 605 optime
1089 523 1235 606 judicare
1260 527 1419 605 poterant.
1464 522 1536 586 Jam

311 620 421 680 autem
434 613 539 679 versio
555 611 771 677 ecclesiastica
783 609 926 696 Peacbito
942 608 1111 690 epistolam
1125 610 1207 674 hanc
1222 627 1350 690 semper
1363 626 1446 691 opus
1461 626 1536 688 apo

311 700 459 765 stolicum
473 697 595 778 habuit,
612 702 645 762 et
659 697 691 760 in
707 696 820 776 eadem
835 713 908 759 cum
922 694 946 758 I.
962 695 1052 759 Petri
1067 701 1100 760 et
1114 694 1138 758 1.
1152 694 1285 760 Joannis
1301 693 1404 760 classe
1418 692 1535 774 posuit.

310 783 507 882 Ephraemos
524 781 623 867 Syros
643 781 756 847 eadem
775 780 808 844 in
828 779 979 863 operibus
994 780 1061 844 suis
1076 779 1261 861 frequenter
1275 779 1394 858 utitur,
1419 783 1454 843 et
1468 795 1537 842 eam

313 868 408 934 srmul
422 869 443 933 J
445 868 546 946 acohi,
561 866 671 932 fratris
686 865 814 930 Domini
830 863 999 946 epistolam
1013 865 1164 930 nominat.

397 953 519 1030 Quodsi
533 958 651 1032 autem,
673 951 847 1032 praecipue
860 951 941 1014 iuter
957 949 1097 1022 Laetos,
1121 969 1184 1015 non
1205 951 1347 1028 deerant,
1371 948 1427 1030 qui
1443 946 1537 1028 origi-

310 1057 382 1121 nem
405 1036 615 1119 apostolicam
637 1036 734 1118 hujus
757 1035 913 1116 epistolae
931 1054 994 1099 non
1008 1041 1219 1116 agnoscerent
1234 1035 1383 1116 (catalog.
1399 1052 1451 1113 ap.
1468 1032 1537 1096 Mu-

310 1123 438 1205 rator.):
461 1123 495 1187 id
509 1121 622 1204 procul
635 1121 734 1186 dubio
749 1120 870 1185 factum
885 1126 935 1185 est
950 1120 990 1185 oh
1005 1120 1187 1185 traditionis
1202 1120 1353 1186 indubiae
1367 1117 1536 1196 delectum,

310 1207 362 1273 cui
384 1228 457 1273 mox
478 1212 684 1273 accesserunt
706 1207 846 1270 rationes
867 1205 1011 1284 criticam
1038 1205 1184 1286 pluribus
1201 1206 1323 1286 enims.
1340 1203 1483 1269 lacobus
1498 1202 1537 1266 de

309 1291 374 1358 fide
390 1298 422 1358 et
437 1293 588 1373 operibus
602 1293 635 1355 in
649 1292 710 1356 hac
722 1290 859 1371 epistola
870 1290 1032 1355 disserens
1043 1290 1122 1355 talia
1134 1292 1249 1356 docere
1260 1290 1440 1367 videbatur,
1456 1305 1537 1368 quae

311 1397 384 1443 cum
400 1397 424 1442 s.
441 1376 534 1442 Pauli
550 1377 696 1441 doctrina
711 1377 751 1441 de
766 1375 830 1441 fide
845 1376 1007 1441 conciliari
1020 1395 1082 1441 non
1102 1381 1250 1456 possent,
1274 1376 1360 1456 quod
1375 1373 1483 1438 dubiis
1498 1373 1537 1436 de

312 1462 468 1543 epistolae
483 1462 649 1527 authentia
664 1466 697 1526 et
712 1462 863 1526 canoniea
877 1461 1070 1526 auctoritate
1085 1461 1283 1526 occasionem
1293 1459 1446 1541 praebunt
1455 1463 1535 1522 tam·

312 1548 377 1627 diu,
394 1548 547 1628 quamdiu
562 1546 741 1612 certissima
754 1546 886 1611 traditio
901 1545 965 1610 vim
981 1563 1072 1610 suam
1087 1548 1226 1611 nondum
1241 1546 1391 1612 exserunt.

866 1765 894 1846 ἓ.
909 1765 983 1831 204.

323 1901 448 1959 Quibus
457 1901 643 1960 lectoribus,
662 1914 726 1961 qua
738 1901 908 1952 occasione
921 1905 1029 1962 atquo
1042 1901 1176 1952 concillo
1189 1902 1310 1964 scripta
1322 1901 1366 1951 alt
1378 1900 1525 1963 epistola.

398 2053 425 2117 1.
454 2052 602 2133 Epistola
616 2054 696 2117 haec
711 2053 779 2117 coll.
798 2055 826 2133 1,
844 2055 870 2116 1.
887 2054 1036 2118 dedicata
1051 2060 1122 2119 erat
1136 2062 1210 2132 ταῖς
1224 2054 1353 2120 δώδεκα
1369 2054 1490 2142 φύλοις
1504 2051 1537 2118 ἐν

309 2138 553 2287 affirmat
569 2137 797 2286 Intelligendos
813 2157 884 2287 essdc
899 2137 1107 2289 βὴῖἰε1166ἓε,
1130 2137 1536 2287 intbegrumlepistolaefidlos

312 2231 1537 2391 66110111611116111111611611.11161

311 2390 341 2469 2,
359 2390 386 2454 1.
401 2391 431 2455 5.
448 2392 475 2455 l.
494 2394 541 2455 12.
557 2395 587 2472 5,
604 2392 652 2455 14.
669 2394 760 2474 etc),
783 2393 945 2476 desigqari
959 2393 981 2459 J
982 2394 1271 2472 udaechristianos,
1296 2412 1313 2458 e
1328 2392 1467 2458 formula
1481 2411 1537 2472 pa-

311 2478 376 2539 tet:
397 2481 471 2553 6αῖς
490 2476 615 2542 δώδεκα
636 2477 771 2564 quitata,
796 2496 879 2559 quae
895 2477 1033 2544 solennis
1049 2484 1099 2543 est
1113 2478 1218 2560 gentis
1230 2478 1380 2560 Judaicae
1395 2477 1536 2542 denomi-

312 2560 400 2656 natio
416 2559 487 2638 (Mt.
505 2560 554 2639 19,
570 2561 620 2624 28.
636 2562 705 2625 Act.
721 2563 772 2642 26,
790 2563 817 2627 7.
837 2563 936 2643 Apoc.
952 2564 1002 2643 21,
1020 2562 1537 2643 12.);indicariJudaeoch1-isua-

311 2662 370 2708 nos
391 2663 424 2707 rn
446 2645 541 2708 terris
563 2646 729 2726 gentilium
751 2653 842 2712 extra
864 2647 1078 2714 Palaestinam
1101 2648 1271 2730 degentes,
1298 2648 1383 2712 clarc
1402 2648 1538 2711 innuunt

312 2745 407 2793 voces
423 2728 457 2795 ἐν
470 2731 509 2818 τῇ
525 2731 699 2820 διασπορᾷ.
739 2731 886 2816 Epistola
901 2734 1006 2817 ziaqoe
1022 2733 1140 2798 Jacobi
1150 2735 1270 2818 6661616
1286 2746 1330 2796 661
1343 2731 1390 2795 od
1402 2732 1538 2796 Judaeo

312 2811 498 2911 6161666666
512 2816 723 2900 6169661111666
740 2819 832 2881 torric
846 2818 990 2898 61666166,
1010 2824 1043 2884 61
1059 2819 1188 2898 quidem
1203 2838 1265 2883 606
1280 2817 1383 2882 solum
1399 2816 1536 2896 61111106,

311 2916 367 2978 qur
382 2898 422 2963 ob
437 2901 692 2978 persecutionem
707 2902 739 2965 in
754 2902 881 2967 Judaea
901 2910 1005 2967 ortam
1027 2903 1095 2968 coll.
1112 2903 1181 2968 Act.
1198 2904 1227 2982 8,
1245 2905 1272 2966 1.
1287 2904 1321 2967 in
1343 2909 1469 2968 exteras
1488 2900 1536 2965 fu-

312 2989 426 3063 gerant
445 2985 638 3064 provincias;
662 2987 836 3051 sedetiam
858 2988 900 3051 ad
916 3006 986 3067 eos,
1010 2989 1065 3069 qui
1079 3008 1139 3069 per
1151 2987 1341 3069 Apostolos,
1364 2987 1536 3067 praecipue

310 3068 512 3148 perPaulum
528 3071 842 3136 extraPalaestinam
854 3079 946 3137 erant
957 3073 1110 3152 conversi,
1127 3078 1159 3138 et
1170 3074 1202 3138 in
1218 3091 1299 3154 quos
1307 3073 1328 3136 J
1329 3071 1440 3151 acobo,
1449 3072 1533 3152 Apo-

311 3152 393 3217 stolo
410 3154 656 3220 circumcisionis
672 3155 756 3234 (Gal.
773 3158 802 3235 2,
819 3158 872 3237 9.),
889 3163 921 3222 61
936 3158 1089 3223 ecclesiae
1099 3157 1412 3238 Hierosolymitanae
1428 3157 1532 3238 capiti,

314 3237 449 3302 docendi
464 3243 496 3302 et
511 3240 659 3303 monendi
670 3241 724 3321 jus
740 3243 949 3322 competebat.

397 3324 426 3386 2.
458 3320 591 3386 Occasio
605 3324 696 3409 bayon
711 3326 858 3410 eptalolae
872 3328 934 3390 6116
953 3341 1022 3390 6661
1039 3329 1074 3390 16
1081 3326 1246 3410 peculiari
1265 3326 1431 3410 6696166611·
1445 3338 1472 3389 61
1492 3327 1532 3388 61-

312 3406 543 3504 6661116611666
564 3407 928 3473 Judoeocbra'stt'ooororn
938 3460 948 3491 ,
978 3413 1018 3476 de
1045 3431 1109 3500 qua
1130 3411 1271 3476 Jacobus
1298 3411 1337 3476 ob
1356 3411 1534 3476 'arctiorem

311 3509 427 3555 nexum
446 3496 533 3588 inter
553 3494 732 3571 provincias
756 3499 882 3560 exteras
905 3500 937 3560 et
957 3497 1213 3577 Hierosolymam
1235 3517 1297 3562 non
1317 3502 1447 3578 poterat
1473 3515 1533 3559 non

312 3582 512 3639 accuratrora
534 3577 678 3657 accipere
698 3580 821 3644 nuncia.
865 3582 1016 3646 Attamen
1038 3583 1153 3646 nuncia
1173 3581 1229 3646 illa
1251 3601 1314 3646 non
1329 3587 1421 3646 66661
1435 3581 1533 3657 lacta;

311 3677 386 3722 nam
401 3660 669 3739 quemadmodum
684 3663 704 3727 J
707 3665 802 3728 udaei
825 3665 865 3728 ob
888 3667 1042 3748 originem
1062 3685 1152 3730 suam
1168 3666 1208 3730 ab
1223 3665 1409 3731 Abrahamo
1424 3665 1533 3746 populi

210 3751 213 3756 '
313 3743 406 3806 electi
422 3761 456 3807 se
471 3744 632 3809 habebant
647 3748 783 3827 sodales
806 3749 875 3814 Deo
891 3752 1005 3815 charos
1021 3758 1053 3816 et
1067 3751 1223 3816 bonorum
1237 3758 1445 3833 paternorum
1459 3750 1534 3813 hae·

266 3867 276 3882 .
311 3827 420 3891 redes:
441 3827 488 3922 ita
504 3828 600 3924 etiam
615 3830 635 3894 J
637 3831 922 3914 udaeochristiani,
945 3836 1029 3901 male
1044 3836 1189 3916 exposita
1203 3835 1297 3900 Pauli
1311 3835 1470 3913 doctrina,
1493 3831 1533 3898 ob

312 3911 413 3975 solam
429 3912 590 4008 rehgroms
605 3915 798 3982 christianae
813 3920 1024 3998 cognitionem
1047 3925 1080 3984 et
1094 3919 1190 3984 fidem
1206 3939 1240 3986 se
1255 3921 1328 3986 nou
1344 3920 1435 4002 regni
1451 3919 1534 3982 cives

311 3995 489 4092 habebant,
512 4001 668 4062 1ntcmam
691 4008 798 4066 autem
821 4005 1073 4084 renovationem,
1096 4006 1194 4069 vitam
1216 4024 1331 4070 novam
1352 4004 1535 4085 praeceptis

312 4079 432 4144 Chmstr
454 4079 646 4147 conformem
667 4103 729 4149 non
750 4088 965 4152 necessariam
984 4090 1144 4170 putabant
1162 4091 1299 4171 ideoque
1313 4108 1429 4169 parum
1444 4107 1535 4154 cura-

310 4163 397 4262 bant.
442 4163 615 4263 Praeterea
633 4168 700 4249 jam
721 4189 745 4234 s.
761 4170 881 4235 Paulus
896 4191 994 4254 saepe
1009 4175 1215 4255 conqueritur
1229 4176 1269 4239 de
1285 4193 1396 4238 eorum
1410 4173 1535 4237 rixandi

311 4254 344 4313 et
358 4269 395 4346 1n⁸
412 4250 510 4314 rebus
533 4251 695 4349 rehgionis
718 4255 903 4334 disputandi
923 4258 1063 4338 hbidine,
1086 4260 1126 4323 de
1147 4259 1357 4324 immoderato
1380 4261 1535 4339 quaestus

311 4334 427 4413 studio,
450 4335 491 4399 de
514 4336 666 4416 superbra
688 4339 820 4420 etzelo,
844 4359 907 4420 quo
929 4343 1096 4407 doctorum
1119 4363 1234 4408 munus
1254 4344 1316 4409 sibi
1335 4348 1535 4425 arrogarent,

309 4417 496 4516 confitentes
511 4443 566 4498 „se
580 4443 670 4483 66666
685 4419 800 4504 Deam,
807 4424 913 4508 factio
925 4440 1026 4491 661666
1037 4427 1214 4514 6696616611
1227 4428 1394 4509 „babentes
1404 4429 1536 4507 apccr'em

311 4503 757 4598 quamquamquamquam
780 4521 882 4572 autem
904 4512 968 4594 ejua
991 4513 1198 4598 adaequatea“
1213 4513 1288 4593 (Tit.
1306 4515 1334 4592 1,
1360 4515 1408 4577 10.
1434 4512 1483 4575 16.
1509 4512 1535 4574 l.

311 4583 390 4650 Trm.
410 4588 436 4667 l,
451 4587 546 4650 4-6.
562 4588 591 4666 6,
607 4589 721 4654 3-10.
743 4592 784 4655 lI.
801 4590 879 4658 Tim.
896 4597 925 4675 3,
940 4596 994 4678 5.).
1023 4598 1106 4662 Η166
1122 4598 1217 4662 etiam
1232 4597 1537 4674 Judaeochristiani,
