3364 5156
779 341 1063 406 -262—

309 533 413 595 mano,
441 513 488 578 ita
511 512 609 578 etiam
628 511 661 577 in
684 510 819 577 ecclesia
841 511 1050 591 conservatio,
1074 511 1304 577 incrementum
1327 519 1360 578 et
1381 511 1531 594 periectio

309 603 411 670 totius
444 599 485 663 ab
519 597 703 662 harmonica
737 597 876 661 omnium
905 596 1121 662 membrorum
1150 599 1336 678 operatione
1366 598 1533 680 dependet.

312 690 420 767 Quare
438 685 471 748 in
491 701 624 764 corpore
644 681 797 748 ecclesiae
813 681 934 747 nullum
955 681 1134 747 membrum
1155 683 1257 748 altero
1280 701 1400 763 carere,
1422 702 1482 765 per
1502 701 1534 748 se

311 773 490 840 subsistere
505 774 537 834 et
551 767 647 832 finem
662 786 756 832 suum
770 768 900 849 assequi
914 767 1014 847 valet3
1033 786 1132 833 unum
1151 767 1245 834 alteri
1260 769 1380 833 serviat
1395 775 1536 850 oportet;

311 858 417 929 omnia
432 856 531 919 vitam
546 853 666 919 habent
680 873 700 919 a
714 858 783 918 toto
799 858 831 918 et
846 852 972 935 singula
986 853 1028 922 ad
1039 853 1140 918 totius
1151 854 1358 919 contribuunt
1368 853 1536 934 perlectio-

311 965 384 1014 nem
395 943 488 1024 juxta
502 940 659 1005 donorum
678 957 861 1004 mensuram
883 939 1041 1018 aSpiritu
1063 946 1174 1004 sancto
1196 939 1412 1004 distributam.
1457 940 1537 1004 Hinc

311 1032 427 1098 mirum
442 1046 505 1092 non
520 1030 584 1106 est,
605 1024 797 1105 Apostolum
811 1025 953 1089 incestus
967 1022 1123 1106 flagitium
1138 1025 1179 1090 ab
1194 1043 1257 1090 uno
1273 1026 1479 1090 commissum
1493 1026 1537 1089 in·

310 1125 423 1199 tegrae
439 1111 593 1178 ecclesiae
608 1110 844 1191 quodammodo
859 1110 1029 1190 imputare,
1052 1109 1129 1191 quia
1143 1129 1234 1175 reum
1248 1130 1312 1175 non
1326 1112 1537 1176 excommuni-

313 1202 413 1271 cando
436 1197 565 1276 honori,
594 1195 759 1261 sanctitati
781 1200 814 1260 et
841 1194 972 1260 sanitati
993 1195 1094 1260 totius
1115 1195 1202 1260 haud
1224 1197 1482 1276 prospexissent,
1508 1205 1537 1260 et

313 1288 449 1355 eundem
472 1284 514 1348 de
535 1299 597 1348 usu
618 1279 868 1361 idolothytorum
890 1286 1039 1361 agentem
1058 1280 1138 1345 adeo
1159 1298 1270 1346 severa
1295 1282 1484 1363 praecipere
1508 1290 1538 1346 et

185 1421 189 1428 -
312 1393 371 1440 suo
390 1370 493 1452 ipsius
515 1367 658 1447 exemplo
672 1366 850 1444 illustrare,
875 1365 917 1430 ad
932 1366 1116 1430 evitandum
1130 1364 1340 1432 infirmiorum
1355 1367 1538 1432 scandalum

313 1459 411 1525 etiam
426 1474 447 1519 a
460 1453 556 1518 licitis
572 1470 643 1517 esse
658 1450 890 1516 abstinendum.

401 1542 491 1618 Quae
507 1557 579 1603 cum
593 1537 639 1601 ita
655 1537 728 1615 sint,
748 1535 884 1617 epistola
897 1536 978 1600 haec
991 1536 1066 1600 inde
1081 1535 1122 1600 ab
1137 1542 1245 1602 aetate
1260 1537 1395 1602 Patrum
1410 1556 1537 1603 normae

312 1630 417 1695 instar
439 1624 676 1702 consideratur,
703 1622 830 1702 quoties
852 1621 961 1702 agitur
982 1621 1111 1686 devita
1132 1622 1350 1688 ecclesiastica
1371 1624 1434 1689 rite
1457 1624 1537 1689 ordi-

313 1714 428 1781 nanda.
791 1805 794 1811 Ι

704 1826 743 1924 4)
770 1824 934 1919 Epistola
953 1823 1000 1897 ad
1019 1825 1151 1899 Titum.

870 1994 898 2076 a.
917 1996 987 2059 171.

675 2133 722 2182 De
743 2131 816 2181 'I'ito
838 2133 871 2181 st
891 2131 931 2180 de
951 2131 1058 2182 insula
1079 2131 1184 2185 creta.

406 2291 495 2353 Titos
514 2289 547 2352 in
562 2294 623 2351 act.
638 2285 721 2364 App.
741 2282 854 2347 nullibi
874 2292 1148 2350 commemoratur.
1191 2284 1299 2350 Primo
1314 2286 1539 2352 nominaturin

318 2397 368 2459 ep.
384 2376 426 2440 ad
442 2373 511 2438 Gal.
526 2374 556 2451 2,
575 2376 601 2434 1.
617 2372 656 2449 3.,
678 2368 734 2433 ubi
750 2387 823 2434 eum
838 2369 958 2434 Paulus
978 2371 1127 2435 comitem
1145 2369 1297 2434 habuisse
1311 2371 1431 2453 legitur
1445 2372 1478 2436 in
1490 2372 1539 2436 iti-

316 2481 402 2540 nere,
419 2455 681 2540 quodantioohia
693 2454 948 2534 Hierosolymam
963 2456 1005 2519 ad
1012 2455 1240 2536 Apostolorum
1255 2457 1422 2522 concilium
1437 2476 1539 2522 susce-

195 2595 198 2602 .
317 2549 368 2629 pit
376 2546 459 2626 (Act.
469 2543 542 2624 lb).
572 2541 621 2604 Ex
634 2540 688 2604 illo
704 2540 774 2604 loco
790 2539 951 2619 discimus,
968 2540 1076 2605 Titum
1091 2541 1279 2621 parentibus
1295 2541 1430 2608 ethnicis
1445 2541 1539 2606 hissa

318 2637 439 2709 natum,
454 2646 559 2708 neque
573 2626 614 2691 ab
629 2624 793 2706 Apostohs
809 2625 1081 2691 circumcisionem
1095 2627 1258 2708 suscipere
1279 2633 1435 2692 coactum.
1477 2627 1539 2691 Ab·

318 2718 392 2782 hinc
413 2734 489 2780 vero
509 2711 700 2794 Apostolum
723 2710 894 2774 cumulatus
914 2730 978 2775 non
1000 2718 1051 2776 est
1071 2712 1104 2776 in
1126 2713 1265 2777 secundo
1287 2713 1417 2792 itinere;
1440 2719 1492 2777 ast
1510 2712 1540 2775 in

317 2803 415 2868 tertio
432 2799 556 2864 Galatis
571 2797 604 2878 (l.
621 2796 661 2877 c.)
676 2800 772 2860 notus
788 2797 987 2876 supponitur,
1004 2803 1036 2861 et
1050 2797 1125 2861 dein
1138 2815 1159 2861 a
1174 2797 1274 2862 Paulo
1289 2797 1339 2862 bis
1357 2797 1541 2862 Corinthum

318 2887 466 2964 mittitur,
481 2885 610 2966 Epheso
626 2880 946 2959 eteMacedoniaffl.
957 2881 1027 2946 Cor.
1043 2883 1072 2962 2,
1083 2883 1132 2946 12.
1149 2884 1198 2947 13.
1214 2883 1430 2964 8,16.seqq.);
1446 2901 1542 2964 quare

318 2972 431 3056 procul
446 2970 543 3035 dubio
550 2967 740 3032 Antiochiae
751 2966 783 3030 in
795 2966 898 3030 locum
908 2967 993 3031 Silae
1001 2967 1102 3031 Paulo
1115 2985 1186 3032 sese
1197 2968 1377 3032 associavit.
1400 2968 1428 3032 E
1441 2968 1541 3046 modo,

319 3078 383 3141 quo
404 3055 579 3137 Apostolus
601 3051 773 3117 Corinthiis
793 3052 834 3116 de
850 3051 923 3115 Tito
937 3051 1082 3132 loquitur
1096 3052 1151 3132 (ll.
1168 3051 1239 3117 Cor.
1256 3053 1284 3132 7,
1302 3053 1351 3117 14.
1369 3055 1418 3118 15.
1449 3054 1479 3134 8,
1497 3053 1541 3117 16.

321 3145 371 3224 12,
387 3143 469 3223 18),
491 3139 714 3220 intelligimus,
735 3136 807 3201 illos
822 3137 911 3215 Tito,
934 3143 1106 3218 antequam
1126 3138 1168 3202 ad
1188 3157 1243 3204 eos
1261 3138 1462 3219 mitteretur,
1484 3157 1543 3203 non

319 3229 419 3294 fuisse
435 3225 589 3308 cognitos,
604 3223 665 3287 nisi
682 3241 699 3286 e
714 3221 952 3288 narrationibus
963 3223 1125 3303 Apostoli,
1147 3242 1247 3304 quare
1261 3224 1313 3288 vix
1327 3224 1461 3304 probari
1475 3229 1543 3304 pot-

320 3321 370 3381 est
385 3310 544 3400 sentantia
559 3332 582 3374 s.
601 3307 814 3392 Chrysoatoma'
826 3307 922 3385 (horn.
940 3310 967 3371 1.
983 3308 1015 3372 in
1030 3308 1124 3389 Tit),
1146 3307 1357 3389 probabiliter
1377 3309 1543 3374 electione

318 3401 464 3465 variante
475 3397 546 3460 Act.
564 3393 614 3472 18,
631 3393 658 3455 7.
675 3396 755 3470 orta,
772 3392 879 3455 Titum
893 3391 1036 3457 Corinthi
1050 3392 1150 3459 luisse
1164 3399 1284 3458 natum.
1329 3394 1466 3459 Praeter
1480 3393 1544 3474 epi-

320 3486 436 3550 stolam
451 3482 494 3546 ad
509 3499 582 3545 eum
597 3478 728 3542 missam
743 3477 775 3541 in
790 3477 927 3541 insulam
943 3477 1086 3556 Cretam,
1109 3478 1165 3543 ubi
1186 3487 1256 3544 erat
1276 3479 1408 3544 relictus
1423 3479 1501 3560 (Tit.
1517 3481 1543 3556 1,

319 3571 374 3652 5.),
394 3568 459 3632 Titi
474 3565 593 3631 mentio
608 3563 645 3627 fit
659 3562 749 3627 brevi
764 3567 839 3627 ante
854 3567 989 3627 mortem
1004 3563 1097 3628 Pauli
1111 3564 1144 3628 in
1159 3565 1200 3627 Il.
1216 3564 1295 3628 Tim.
1311 3565 1341 3643 4,
1364 3566 1423 3644 10,
1443 3563 1501 3629 ubi
1513 3563 1544 3627 in

320 3653 516 3719 Dalmatiam
531 3649 650 3714 abiisse
663 3648 791 3729 legitur.
836 3647 867 3711 S.
883 3647 1115 3734 Habroapmas¹
1131 3649 1241 3730 tradit,
1257 3650 1374 3730 Titum,
1390 3650 1484 3715 Pauli
1499 3649 1546 3712 di-

321 3738 487 3819 scipulum,
509 3736 665 3799 mansisse
681 3732 843 3811 coelibem,
865 3737 898 3797 et
913 3731 1089 3797 anetasr
1103 3733 1211 3814 refert,
1232 3754 1305 3800 eum
1320 3753 1420 3800 annos
1435 3736 1545 3799 94110-

321 3831 391 3888 tum
405 3827 567 3886 mortuum
583 3838 653 3884 esse
667 3819 700 3882 in
714 3818 819 3899 insula
835 3817 939 3883 Creta.

409 3906 502 3971 Orata
524 3903 620 3983 (nunc
643 3903 793 3984 Gaudia),
823 3903 964 3984 antiquis
985 3904 1185 3984 temporibus
1210 3905 1387 3970 insularum
1413 3906 1547 3987 regina³

322 3993 406 4058 aeris
429 3989 620 4056 salubritate
643 3995 676 4053 et
696 3988 755 4052 soli
775 3988 943 4053 fertilitate
962 3989 1111 4070 insignis,
1135 3991 1285 4054 Homeri⁴
1305 4003 1405 4054 aetam
1419 3996 1546 4056 centum

392 4147 402 4178 ¹
420 4142 447 4196 S.
459 4141 614 4208 Hieronym.
626 4137 653 4190 in
666 4143 806 4192 comment.
818 4138 847 4190 in
858 4137 911 4190 Tit.
923 4138 957 4190 Π.
971 4139 995 4190 7.

389 4206 691 4263 rmmhama

390 4281 401 4314 ³
419 4276 525 4332 Grateri
537 4274 657 4342 inscript.
669 4291 695 4342 p.
709 4273 784 4326 1080.
797 4289 823 4326 n.
837 4273 878 4326 11.

391 4351 403 4381 ⁴
420 4346 501 4426 Hom·
511 4345 545 4398 Π.
561 4344 618 4396 147.
643 4340 822 4396 madidatae
835 4341 862 4394 θ’
877 4345 905 4395 οἱ
916 4340 1030 4412 Κρήτην
1042 4341 1228 4399 {nortonam
1239 4343 1448 4416 ἆμφινέμοντο.

426 4412 521 4482 V1rgrl.
533 4414 601 4466 Aen.
613 4411 662 4463 ΠΙ.
675 4409 734 4463 104.
747 4424 802 4476 seq.

562 4487 640 4533 Creta
651 4485 726 4530 Jovis
738 4483 825 4542 magni
838 4483 922 4528 medio
932 4483 1002 4541 jacet
1014 4485 1099 4540 insula
1110 4491 1197 4546 ponto,

561 4556 634 4602 Mons
647 4552 738 4598 Idaeus
751 4551 793 4596 ubi
807 4555 833 4595 et
846 4551 929 4607 gentis
942 4553 1069 4598 cunabula
1078 4559 1194 4614 nostrae3

563 4622 668 4668 Centum
682 4620 759 4667 nrbes
771 4617 889 4664 habitant
902 4633 1017 4680 magnas,
1029 4619 1159 4668 uberrima
1170 4636 1256 4682 regna.
