3356 5176
308 432 445 497 nitorem
466 430 612 497 habetet
634 429 759 496 fuscum
775 434 840 509 est,
866 447 962 511 saepe
979 428 1076 494 etiam
1093 429 1300 509 cinerarinm,
1326 427 1404 494 alibi
1420 427 1543 494 fulvum

308 521 366 582 aut
381 536 398 582 e
413 516 502 582 mseo
519 516 684 581 rutilans¹

394 602 569 683 Scriptura,
589 602 621 666 in
637 602 749 683 quavis
764 601 882 682 pagina
895 601 928 664 in
944 605 1083 682 quatuor
1097 599 1251 666 columnis
1267 599 1423 680 (inlibris
1440 600 1543 681 poeti-

312 688 356 753 cis
368 688 449 752 V.F.
462 689 494 752 in
510 687 658 769 duabus),
676 693 725 752 est
740 687 898 765 continua,
914 685 1048 768 simplex
1064 690 1096 751 et
1112 685 1358 768 elegantissima,
1374 686 1409 750 in
1427 685 1544 750 sectio·

309 792 366 838 nes
388 774 534 839 versibus
556 774 674 838 nostris
697 772 832 851 similoS,
855 771 1044 854 plerumque
1066 778 1175 836 autem
1196 772 1236 836 iis
1258 773 1396 853 maj0res
1422 772 1544 850 divisa;

310 859 422 923 literae
437 859 576 924 unciales
591 858 624 922 in
638 863 728 923 textu
744 857 908 938 aequales,
925 858 956 922 in
972 858 1056 922 notis
1071 863 1179 922 autem
1194 856 1426 938 marginalibus
1443 857 1544 922 mino-

309 963 361 1008 res
377 948 466 1023 sunt;
490 944 669 1026 scripturae
685 943 872 1024 compendia
886 943 918 1006 in
934 943 1064 1008 vocibus
1080 943 1204 1008 nonnisi
1218 943 1402 1022 notissimis
1419 943 1455 1006 in
1470 962 1544 1023 par-

312 1029 409 1093 ticula
423 1055 490 1111 και,
513 1030 545 1094 10
561 1028 800 1110 pronominibus
815 1054 878 1112 μου
895 1033 928 1093 et
941 1055 1011 1111 μοι,
1035 1029 1067 1092 10
1083 1053 1167 1113 προς
1182 1034 1215 1092 et
1230 1052 1295 1113 rapo
1317 1027 1544 1106 inveniuntur;

311 1132 353 1196 ad
368 1130 462 1196 finem
477 1151 590 1196 versus
605 1158 622 1196 ν
635 1132 730 1196 litera
745 1130 931 1211 saepissime
944 1131 1060 1196 lineola
1075 1129 1162 1196 finali
1182 1130 1382 1212 exprimitur,
1405 1134 1448 1194 ut
1461 1124 1544 1210 ειπὲ,

309 1227 364 1318 roi,
376 1224 446 1313 no,
459 1235 573 1299 literae
584 1233 753 1298 nonnullae
765 1231 963 1314 copulantur,
979 1237 1017 1296 ut
1031 1231 1110 1313 Ν-Ι,
1131 1237 1203 1314 FN,
1220 1237 1277 1303 Ml
1298 1236 1331 1298 et
1342 1233 1398 1313 al.;
1417 1233 1545 1297 numeri

309 1324 403 1387 modo
425 1320 518 1400 plene
541 1320 739 1399 scribuntur,
765 1323 802 1382 ut
824 1319 856 1382 in
878 1319 1003 1383 nomine
1023 1317 1146 1382 bestiae
1161 1316 1258 1399 Apoc.
1276 1318 1330 1398 13,
1355 1319 1423 1398 18,
1447 1319 1544 1382 modo

309 1408 411 1472 literis
432 1405 628 1484 indicantur;
654 1406 687 1468 in
712 1404 854 1486 margine
875 1404 1034 1468 Ammonii
1057 1405 1163 1485 capita
1189 1409 1221 1469 et
1242 1403 1374 1470 Eusebii
1401 1422 1544 1469 canones

309 1493 411 1558 literis
427 1509 526 1571 supra
541 1509 576 1555 se
591 1491 705 1571 positis
720 1491 908 1554 indicantur.

395 1577 613 1657 Interpunctio
629 1576 761 1640 inlibris
772 1575 906 1656 poeticis
918 1575 1012 1656 plane
1024 1575 1125 1654 deest,
1140 1574 1173 1638 in
1185 1575 1316 1656 reliquis
1328 1579 1360 1640 et
1373 1575 1544 1640 rarissima

311 1667 344 1728 at
366 1661 599 1743 simplicissima
621 1680 692 1726 esse
714 1661 811 1740 solet,
833 1660 880 1724 ita
895 1665 932 1724 ut
952 1661 1098 1742 integrae
1113 1659 1277 1726 columnae
1293 1665 1325 1726 et
1346 1661 1490 1742 paginae
1505 1680 1542 1726 ne

310 1768 407 1813 unum
430 1747 559 1828 quidem
573 1747 713 1812 habeant
734 1751 902 1828 punctum;
929 1747 961 1810 in
977 1747 1014 1809 N.
1032 1747 1066 1808 T.
1082 1745 1133 1810 hic
1155 1745 1200 1810 ibi
1222 1747 1328 1826 spatia
1349 1765 1456 1812 vacua
1476 1747 1542 1828 jann

310 1836 431 1916 majora
452 1833 519 1913 jam
542 1833 678 1911 minora,
705 1833 767 1897 imo
791 1837 823 1896 et
846 1833 909 1896 duo
932 1836 1050 1912 puncta
1072 1832 1114 1895 ad
1133 1835 1255 1896 textum
1278 1832 1542 1914 distinguendum

310 1920 470 1986 destinata
485 1923 566 1982 sunt.

394 2004 621 2085 Inscriptiones
637 2009 670 2068 et
684 2003 952 2084 subscriptiones,
975 2002 1053 2067 item
1068 2003 1256 2084 paginarum
1272 2003 1357 2066 tituli
1373 2007 1454 2068 sunt
1469 2003 1542 2068 sirn-

310 2090 490 2171 plicissimi,
517 2109 545 2152 v.
566 2109 595 2170 g.
617 2115 698 2156 aare
721 2096 901 2172 ματθαιον,
925 2088 1075 2170 πραξεις,
1103 2113 1188 2175 προς
1208 2113 1386 2172 ρωμαιους,
1412 2113 1541 2156 anono-

310 2178 410 2262 λυψις
424 2200 541 2241 nervon.
583 2174 764 2238 Stichorum
779 2175 911 2254 numeri,
927 2171 1078 2238 adfinem
1093 2173 1314 2239 nonnullarum
1330 2174 1542 2256 epistolarum

310 2259 416 2341 positi,
431 2277 493 2323 non
509 2263 583 2322 sunt
597 2258 748 2323 Euthalii.

397 2344 484 2408 Ordo
507 2343 703 2425 singulorum
717 2343 756 2408 N.
773 2344 806 2407 T.
822 2343 976 2408 librorum
996 2343 1048 2407 hic
1070 2347 1135 2408 est:
1158 2343 1295 2424 primum
1316 2345 1424 2410 locum
1448 2363 1540 2410 occu-

311 2434 390 2511 pant
414 2432 554 2510 quatuor
575 2429 738 2510 evangelia
760 2428 847 2509 (Mt,
870 2430 946 2509 Mn,
970 2431 1062 2507 Luc,
1077 2429 1163 2510 do),
1187 2430 1360 2494 secundum
1384 2430 1427 2494 14
1447 2429 1540 2495 Pauli

314 2514 483 2596 epistolae,
507 2533 642 2595 quarum
657 2515 712 2578 illa
731 2516 773 2578 ad
787 2514 953 2580 Hebraeos
968 2514 1187 2596 praemittitur
1204 2515 1305 2580 literis
1320 2516 1541 2597 pastoralibus

312 2605 346 2665 et
360 2601 402 2664 ad
417 2599 648 2677 Philemonem;
672 2604 849 2681 sequuntur
863 2601 964 2664 Actus
978 2600 1219 2680 Apostolorum,
1243 2606 1366 2682 septem
1382 2601 1541 2682 epistolae

312 2685 502 2833 00010110Ιείιο,
532 2685 733 2765 apocalypsis
758 2686 891 2750 Joannis
921 2690 954 2751 et
979 2686 1116 2766 denique
1146 2685 1281 2767 epistola
1306 2687 1481 2752 Barnabae
1511 2689 1542 2749 et

311 2775 423 2852 pastor
470 2789 585 2836 ermae.

399 2856 505 2920 Codex
519 2875 582 2920 non
597 2856 763 2922 abeodem
777 2855 907 2921 librario
919 2856 1072 2938 (quatuor
1084 2860 1192 2921 censet
1203 2855 1441 2939 Tischendorf),
1458 2860 1541 2921 atta-

312 2961 384 3008 men
398 2941 500 3006 literis
515 2961 669 3023 perquam
685 2941 803 3022 ubique
819 2943 974 3007 similibus
990 2946 1140 3007 exaratus
1156 2947 1206 3006 est
1222 2946 1255 3006 et
1269 2961 1288 3006 a
1303 2941 1452 3022 pluribus
1468 2941 1540 3006 dein

312 3027 441 3108 (saltem
456 3046 476 3091 a
491 3029 627 3109 septem)
644 3028 822 3094 successive
838 3035 1000 3094 correctus
1015 3029 1048 3092 in
1063 3028 1148 3092 8000
1163 3027 1289 3092 circiter
1304 3027 1390 3092 locis.

363 3161 364 3165 ,
398 3112 491 3188 Quod
503 3113 569 3193 jam
585 3112 701 3176 attinet
716 3116 868 3192 aetatem,
884 3114 916 3177 in
931 3114 1001 3194 ipso
1016 3113 1232 3193 manuscripto
1248 3113 1352 3176 nullus
1368 3113 1438 3194 ejus
1454 3113 1540 3178 inve-

312 3199 398 3266 nitur
413 3202 525 3277 nutus,
548 3217 653 3278 neque
667 3197 733 3261 ulla
747 3199 878 3262 traditio
895 3199 983 3280 viget
1003 3199 1036 3262 in
1060 3198 1210 3263 coenobio
1227 3198 1394 3278 Sinaitico,
1420 3199 1455 3265 in
1477 3215 1538 3280 quo

311 3302 474 3364 nunquam
497 3287 677 3364 expugnato
700 3287 757 3346 aut
779 3283 915 3363 spoliato
937 3303 996 3364 per
1017 3283 1216 3349 saeculorum
1239 3285 1408 3350 decursum
1430 3285 1538 3350 indea

312 3367 498 3434 monasterii
527 3368 742 3432 exstructione
771 3387 830 3449 per
854 3368 1070 3435 iustinianum
1098 3369 1325 3451 imperatorem
1354 3390 1437 3436 anno
1467 3369 1537 3434 530.
1592 3435 1595 3444 ,

312 3457 496 3519 asservatus
515 3472 587 3518 esse
600 3453 736 3518 videtur.
779 3455 931 3520 Attamen
953 3456 1057 3520 omnia
1078 3455 1196 3519 indicia
1216 3461 1420 3522 monumento
1437 3453 1537 3522 Sinai-

312 3540 375 3604 tico
391 3542 530 3603 aetatem
547 3557 617 3604 curn
632 3538 787 3603 Vaticano
803 3540 917 3606 saltem
932 3560 1043 3622 parem
1058 3541 1227 3606 vindicant.
1272 3541 1365 3618 Quod
1380 3543 1477 3608 docet

398 3623 432 3706 a)
448 3624 581 3689 classica
595 3625 761 3690 literarum
773 3626 868 3690 etiarn
879 3627 1162 3692 minutissimarum
1177 3626 1373 3707 simplicitas,
1389 3628 1535 3692 nimirum

312 3709 452 3774 unciales
467 3715 615 3775 vetustae
630 3710 750 3774 formae
766 3713 957 3792 quadratae,
981 3712 1126 3776 omnibus
1143 3713 1336 3778 ornamentis
1352 3714 1534 3786 destitutae,

313 3793 456 3860 deiectus
471 3794 640 3860 initialium
655 3797 812 3877 majorum
823 3796 929 3877 (secus
942 3799 974 3863 in
985 3800 1053 3863 cod.
1064 3798 1178 3879 Alex),
1194 3799 1311 3862 raritas
1327 3804 1360 3864 et
1374 3795 1534 3863 uniformi-

312 3885 363 3946 tas
378 3881 653 3961 interpunctionis
674 3901 758 3962 quae
773 3883 877 3947 omnia
892 3904 954 3949 non
969 3883 1117 3949 obstante
1131 3883 1334 3950 librariorum
1350 3884 1534 3949 diversitate

307 3967 424 4032 eadem
438 3966 558 4047 ubique
572 3967 783 4032 inveniuntur.

398 4051 430 4134 b)
445 4052 568 4118 Divisio
582 4052 615 4116 in
631 4052 737 4133 capita
752 4054 873 4135 maj0ra
890 4051 1042 4138 (τίτλους)
1059 4054 1183 4119 nonnisi
1201 4054 1234 4119 in
1248 4054 1310 4120 hoc
1323 4055 1531 4129 monumento,

236 4160 238 4164 ·
312 4136 344 4203 in
366 4137 515 4204 codieeC
538 4142 570 4204 et
585 4138 740 4204 Vaticano
754 4140 849 4222 plane
871 4141 978 4220 deest,
1001 4141 1077 4204 dum
1098 4139 1131 4205 in
1152 4140 1223 4206 aliis
1245 4142 1470 4224 manuscriptis
1484 4141 1531 4204 sat

382 4347 391 4377 ¹
408 4341 493 4395 Minio
505 4341 558 4396 scri
577 4340 598 4394 ti
610 4345 672 4394 sunt
683 4340 847 4408 psalmorum
859 4341 932 4396 tituli
943 4348 970 4395 et
981 4341 1093 4407 numeri,
1105 4341 1177 4396 tituli
1186 4342 1221 4396 ad
1231 4342 1364 4397 canticum
1373 4343 1529 4398 canticoram

313 4409 502 4464 illustrandum
519 4357 615 4474 aulici,
637 4409 752 4474 numeri,
774 4410 869 4477 quibus
887 4411 1021 4464 Ammonii
1037 4411 1167 4465 sectiones
1186 4427 1247 4465 cum
1264 4412 1410 4466 canonibus
1426 4406 1531 4466 Eusebii

314 4477 495 4546 designantur,
508 4479 572 4534 item
584 4494 618 4532 ex
630 4483 706 4546 parte
719 4478 780 4531 libri
791 4478 975 4534 Ecclesiaetae
986 4479 1136 4548 inscriptio;
1154 4479 1285 4548 quaedam
1297 4480 1325 4534 in
1335 4481 1456 4549 picturis,
1468 4491 1528 4548 quas

314 4547 458 4600 arabescas
470 4553 574 4613 vocant,
587 4547 723 4601 rubricata
735 4554 805 4612 sunt,
818 4554 848 4601 ut
859 4548 894 4602 ad
905 4547 985 4602 finem
996 4547 1118 4617 psalterii
1129 4554 1157 4602 et
1167 4547 1254 4603 Marci
1266 4549 1403 4618 evangelii.
