3314 5166
795 275 1059 342 -gg-

314 449 535 530 expressiones
559 465 695 529 graecae
718 447 781 512 imo
806 452 839 512 et
862 445 995 526 latinae,
1021 445 1078 510 ubi
1099 445 1131 510 iu
1157 463 1273 526 graeco
1299 451 1389 510 textu
1416 447 1540 526 adsunt,

313 541 444 617 praeter
458 533 683 599 necessitatem
698 537 852 612 retentae,
868 550 896 596 v.
909 551 938 612 g.
954 531 1012 596 Mt.
1028 550 1053 596 c.
1065 530 1116 595 27.
1132 531 1218 619 τιμή,
1234 527 1338 618 α’ργός,
1355 531 1455 613 ξένος,
1471 528 1541 620 ήγέ-

313 645 393 704 μων,
404 623 501 705 βῆμα,
518 621 722 703 στρατιῶται,
738 623 868 706 σπεῖρα,
884 616 1016 701 χίαμός,
1033 615 1221 700 πρόςωπον,
1243 615 1369 704 λήσταί,
1384 617 1539 700 σπόγγος,

314 704 564 795 φραγέλλωσας,
585 702 800 791 πραιτώριον,
816 698 1018 779 κουστωδίας
1040 701 1076 784 β)
1092 719 1217 765 errores
1233 700 1364 782 quidam
1379 721 1398 766 a
1413 719 1542 767 versere

314 788 489 868 commissi,
514 788 568 868 qui
588 787 712 852 nonnisi
733 806 750 852 e
770 787 1007 869 permutatione
1028 785 1256 851 vocabulorum
1279 786 1430 850 similium
1453 804 1542 868 grae·

316 874 425 939 corum
441 873 591 954 explicari
605 878 749 953 possunt,
770 892 798 936 v.
814 892 843 954 g.
859 873 934 936 Luc.
953 873 1002 951 14,
1018 872 1069 935 31.
1085 868 1215 955 ἑταῖρος
1228 890 1287 951 pro
1303 871 1421 956 ἕτερος,
1439 873 1498 936 Mr.
1515 871 1541 951 6,

315 962 344 1024 1.
361 958 582 1065 ε’κολλήθήσαν
595 976 655 1038 pro
671 955 921 1038 ἀκοίοόθουσιν,
934 957 1005 1022 Act.
1023 956 1072 1038 18,
1089 957 1117 1020 7.
1133 955 1236 1041 όνομα
1254 954 1354 1024 Τίτου
1370 960 1430 1024 τοῦ
1448 963 1541 1041 σεβο-

318 1045 416 1129 μένου
432 1063 490 1124 pre
506 1043 642 1126 ονόματι
652 1038 799 1109 Ἰούστου
814 1042 1001 1126 σεβομένου.

398 1129 534 1194 lentum
555 1146 706 1210 graecum
728 1146 839 1193 versor
861 1127 1057 1209 requebatur
1079 1125 1366 1207 Palaestinam,
1392 1126 1451 1208 qui
1474 1144 1542 1190 cum

312 1213 528 1279 Alexandrino
552 1218 585 1277 et
606 1213 678 1277 ideo
702 1232 773 1278 cum
795 1213 879 1277 Itala
899 1212 967 1278 fere
990 1213 1170 1278 concordat.
1215 1211 1268 1278 Sic
1287 1231 1316 1275 v,
1331 1231 1361 1294 g.
1377 1213 1439 1276 Mr.
1458 1212 1492 1290 1,
1514 1212 1541 1274 2.

313 1299 394 1381 legit
416 1299 451 1365 ἒν
468 1295 593 1385 Ἠσαίᾳ
613 1300 660 1384 τῷ
683 1299 838 1388 προφήτή
860 1297 953 1379 (text.
968 1316 1031 1362 ree.
1047 1297 1082 1364 ἐν
1095 1304 1165 1376 τοῖς
1179 1295 1388 1386 προφήταις),
1412 1302 1447 1362 et
1467 1296 1541 1360 ibid.

312 1389 387 1465 post
411 1381 487 1452 ὁδόν
512 1382 620 1448 omisit
645 1363 839 1471 ἔμπροσθόν
864 1405 940 1465 σου,
969 1403 998 1448 v.
1026 1382 1056 1448 5.
1082 1382 1217 1463 πάντες,
1243 1382 1298 1447 καὶ
1324 1379 1541 1465 ἐβαπτίζοντο

314 1469 406 1548 (text.
422 1487 484 1534 ree.
499 1467 554 1535 καὶ
570 1465 787 1616 &gentilotto
802 1468 949 1550 πάντες);
964 1488 993 1533 v.
1012 1468 1061 1531 11.
1077 1465 1112 1534 ἔν
1125 1489 1179 1535 σοι
1192 1465 1283 1547 (text.
1299 1485 1362 1532 rec.
1379 1467 1414 1534 ἓν
1430 1463 1540 1553 αὐτῷ),

315 1554 485 1619 Lectiones
505 1571 587 1633 pecu
601 1552 700 1632 'ares
727 1572 809 1634 quae
832 1553 994 1618 rarissime
1016 1558 1203 1631 occurrunt,
1229 1571 1292 1616 non
1316 1556 1384 1616 tam
1409 1571 1428 1617 e
1454 1555 1543 1616 textu

313 1657 429 1721 graeco
445 1646 535 1703 ortae
551 1639 727 1703 censendae
743 1644 825 1718 sunt,
842 1658 939 1720 quam
955 1657 972 1704 e
986 1638 1150 1718 libertate,
1167 1637 1218 1702 eui
1232 1643 1346 1702 auctor
1361 1637 1401 1702 ob
1418 1635 1540 1718 perspi-

314 1724 446 1789 cuitatis
456 1721 552 1788 finem
562 1742 788 1805 nonnunquam
799 1723 940 1788 indulsit.
970 1723 1161 1804 Ubicunque
1175 1727 1283 1788 textus
1298 1741 1436 1803 graecus
1452 1740 1541 1786 accu-

313 1815 384 1874 rate
399 1808 566 1874 transferri
581 1809 687 1890 potuit
701 1809 734 1873 in
750 1809 924 1889 syriacum,
947 1808 1058 1874 illaad
1073 1808 1206 1875 verbum
1222 1807 1383 1886 redditum
1406 1807 1497 1890 quod
1517 1807 1541 1870 si

312 1893 382 1960 fieri
396 1915 459 1960 non
474 1893 593 1975 potuit,
621 1912 733 1959 sensus
749 1894 951 1976 exprimitur,
977 1914 1004 1959 v.
1020 1914 1050 1977 g.
1067 1895 1124 1958 Mt.
1140 1894 1177 1974 6,
1203 1892 1252 1956 11.
1268 1891 1360 1960 crioil
1399 1919 1438 1960 ον
1454 1891 1540 1980 ἡμῶν

314 1981 369 2046 τὸν
384 1979 555 2047 ἐπιούσιον
569 1979 667 2044 vertit
681 1999 755 2060 per:
785 1999 900 2061 panem
921 1980 1117 2062 indigentiae
1138 1984 1283 2056 nostrae;
1314 1977 1359 2042 I.·
1382 1978 1437 2042 im.
1454 1981 1491 2057 3,
1514 1975 1540 2039 6.

312 2064 469 2154 νεόφυτος
482 2084 556 2145 per:
578 2083 689 2129 recens
703 2065 898 2147 discipulatu
912 2084 979 2130 suo.
1024 2064 1238 2146 Frequentius
1252 2062 1390 2128 inlibris
1405 2061 1540 2128 didacti-

314 2150 358 2215 cis
374 2168 471 2230 quam
484 2149 517 2213 in
531 2149 692 2214 historicis
707 2168 801 2214 voces
814 2150 994 2230 breviores,
1013 2171 1041 2214 v.
1057 2169 1086 2232 g.
1102 2149 1281 2231 particulae
1301 2142 1372 2228 odo,
1396 2148 1475 2233 μέν,
1498 2145 1538 2225 δὲ,

312 2235 374 2321 γάρ
389 2233 603 2315 negliguntur,
618 2232 812 2299 difficiliores
827 2236 1027 2315 omittuntur,
1042 2245 1079 2299 ut
1093 2236 1169 2299 Luc.
1185 2235 1214 2314 6,
1232 2235 1259 2297 1.
1276 2232 1538 2321 δευτεροπρώτῳ·

313 2319 487 2384 Praeterea
502 2319 679 2384 sententiae
694 2318 859 2400 generales
874 2321 907 2384 in
929 2320 1080 2386 clariores
1103 2323 1348 2398 convertuntur,
1371 2324 1409 2382 ut
1424 2319 1497 2382 Act.
1512 2319 1538 2394 2,

312 2403 364 2468 42.
379 2403 434 2470 καὶ
448 2407 485 2490 ιζ
500 2404 609 2470 κλάσει
624 2407 682 2470 τοῦ
695 2403 794 2490 ἄρτου
806 2405 954 2469 redditur
964 2425 1038 2488 per:
1055 2411 1089 2471 et
1099 2405 1132 2469 in
1142 2404 1298 2470 fractione
1311 2403 1538 2479 eucharistiam

312 2489 383 2554 Act.
401 2488 451 2568 17,
466 2428 517 2552 dl.
533 2485 563 2554 εἰ
579 2487 643 2575 όίρα
658 2489 891 2579 ψηλαφήσαιεν
906 2487 1004 2557 αότδν
1018 2490 1073 2558 καὶ
1087 2487 1211 2576 εὕροιεν
1225 2509 1299 2571 per:
1322 2489 1539 2569 exquirerent·

313 2592 377 2655 que
390 2573 496 2638 Deum
511 2579 544 2638 et
558 2573 599 2638 ab
614 2574 716 2654 ipsius
732 2580 880 2638 creatura
894 2575 1071 2641 invenirent
1086 2595 1167 2640 eum.
1213 2574 1262 2639 Ob
1278 2593 1390 2640 sensus
1413 2573 1540 2640 clarita·

314 2664 380 2724 tem
411 2676 507 2740 saepe
540 2664 648 2723 textus
678 2659 963 2741 circumscribitur,
999 2668 1033 2726 et
1066 2660 1318 2726 constructiones
1347 2658 1539 2724 difficiliores

315 2743 466 2810 clariores
481 2743 669 2825 redduntur,
684 2763 712 2807 r.
729 2764 758 2826 g.
774 2745 797 2808 l.
816 2744 886 2810 Cor.
904 2745 932 2825 7,
948 2746 976 2810 6.
994 2746 1022 2812 7.
1038 2749 1135 2813 τοῦτο
1152 2745 1188 2813 δὲ
1202 2745 1384 2830 asyam&
1399 2743 1539 2830 συγγνώ-

312 2855 489 2978 ttius*
505 2826 550 2908 ⁰³⁶
571 2828 1054 2998 1611111166111621676
1061 2829 1539 2982 bellttfttlttttttl

314 2999 472 3079 puritate;
492 3001 532 3063 II.
549 3000 628 3064 Tim.
645 3001 678 3081 2,
694 3000 723 3064 6.
738 3003 791 3066 καί
808 2997 1017 3088 ἀνανήψωσιν
1032 3002 1069 3068 ἐκ
1082 3004 1139 3088 τῆς
1153 2997 1297 3086 παγίδος
1310 2965 1369 3066 dori
1385 3000 1536 3086 διαβόλου

314 3104 387 3165 per:
403 3092 436 3150 et
450 3085 695 3149 reminiscantur
710 3085 759 3148 sui
774 3086 918 3167 ipsorum
933 3094 966 3151 et
980 3087 1157 3152 liberentur
1171 3105 1210 3151 ex
1224 3084 1340 3167 laqueo
1355 3085 1484 3150 diaboli.

400 3170 519 3234 Sedula
534 3171 760 3236 monachorum
773 3171 925 3251 Syrorum
940 3173 1038 3252 operat
1049 3172 1150 3236 multa
1161 3171 1380 3251 manuscripta
1391 3174 1537 3235 accurate

314 3260 348 3320 et
363 3255 527 3336 eleganter
542 3254 685 3320 confecta
700 3255 792 3320 nobis
815 3262 889 3320 sunt
912 3262 1056 3337 servata,
1080 3275 1163 3338 quae
1185 3257 1217 3321 in
1240 3256 1376 3320 diversis
1390 3255 1537 3336 Europae

314 3339 516 3410 bibliothecis
531 3341 674 3420 reposita
688 3340 899 3405 inveniuntur.
944 3342 1064 3407 Textus
1080 3347 1112 3406 et
1128 3342 1288 3422 scriptura
1302 3340 1370 3406 fere
1389 3341 1422 3405 in
1443 3338 1536 3406 omni·

314 3425 375 3489 bus
390 3425 534 3506 aequalis
551 3430 616 3505 est,
639 3432 676 3490 ut
692 3425 788 3490 etiam
804 3427 917 3491 divisio
932 3427 964 3491 in
978 3427 1130 3493 lectiones
1145 3428 1187 3492 ad
1212 3445 1287 3492 usus
1308 3425 1536 3492 ecclesiasticos

315 3518 348 3574 et
368 3511 401 3574 in
424 3510 546 3591 capita,
577 3529 660 3591 quae
681 3529 814 3576 numero
838 3512 899 3576 165
925 3513 1075 3578 continua
1101 3513 1184 3578 serie
1209 3531 1268 3593 per
1293 3512 1356 3576 tria
1381 3509 1536 3577 volumina

315 3595 496 3676 decurrunt,
513 3602 546 3661 et
557 3615 693 3677 quorum
709 3597 873 3678 evangelia
890 3598 929 3661 78
945 3599 1116 3676 continent,
1132 3604 1223 3662 actus
1232 3598 1292 3678 Ap.
1309 3616 1381 3662 cum
1397 3592 1535 3679 epistolis

315 3679 429 3744 cathol.
445 3683 496 3759 32,
512 3681 668 3760 epistolae
682 3681 835 3746 Paulinae
850 3683 900 3746 55.
928 3683 999 3747 Non
1015 3684 1131 3747 desunt
1147 3683 1244 3746 etiam
1260 3683 1366 3763 capita
1381 3677 1535 3746 Ammonii

315 3769 348 3828 et
370 3783 505 3829 canones
526 3766 674 3846 Eusebii,
699 3766 888 3848 plerumque
911 3773 1019 3832 autem
1041 3767 1244 3832 desideratur
1265 3768 1417 3849 pericopa
1439 3768 1488 3832 Jo.
1509 3763 1534 3840 7,

314 3849 429 3939 53-8,
448 3851 496 3912 11.
512 3858 545 3914 et
560 3850 584 3912 Ι.
601 3851 650 3916 Jo.
666 3852 696 3931 5,
713 3852 740 3916 7.
755 3853 764 3895 ¹

314 3985 468 3994 ——-—----.
477 3988 483 3992 „

385 4073 393 4102 ¹
410 4066 502 4120 Editio
513 4067 637 4136 princeps
650 4074 678 4121 et
688 4067 892 4121 fundamentum
905 4069 1072 4137 sequentium
1085 4075 1143 4122 erat
1154 4069 1284 4123 adornata
1296 4071 1329 4123 ab
1342 4068 1454 4123 Alberto
1463 4063 1533 4120 Wid-

314 4134 457 4199 mcnstadt
476 4151 602 4189 caesareo
620 4136 786 4189 cancellario.
810 4137 938 4205 Ignatius,
957 4137 1111 4205 patriarcha
1121 4136 1305 4192 Jacobitarum
1318 4137 1453 4208 Syrorum,
1470 4144 1533 4208 anno

316 4205 389 4258 1553.
402 4204 536 4271 ablegavit
545 4204 640 4257 Mosen
651 4205 837 4273 presbyterum
847 4204 968 4270 Romam,
989 4212 1019 4258 ut
1031 4222 1092 4259 cum
1100 4205 1119 4258 J
1120 4205 1174 4260 ulio
1186 4207 1234 4259 III.
1247 4207 1276 4260 P.
1289 4207 1328 4260 M.
1341 4207 1464 4260 unionem
1476 4200 1532 4256 fider

314 4272 476 4336 restitueret,
489 4279 516 4325 et
527 4272 675 4325 versionem
684 4272 809 4326 Peschito
821 4273 896 4340 prelo
909 4273 1117 4327 submittendam
1129 4280 1244 4328 curaret.
1268 4273 1345 4342 Quod
1355 4274 1445 4328 Moses
1455 4280 1532 4345 neque

314 4339 423 4404 Romae,
439 4355 525 4408 neque
537 4339 657 4394 Venetiis
669 4341 829 4408 impetravit,
847 4341 1029 4395 intercedente
1041 4341 1201 4396 cancellario
1213 4343 1284 4397 dicto
1296 4343 1320 4396 ei
1333 4343 1444 4410 contigit
1454 4350 1531 4395 mum·

314 4407 422 4462 licentia
432 4408 604 4473 Ferdinandi‚
621 4409 692 4478 regis
704 4409 780 4462 Rom.
794 4416 821 4462 et
832 4415 926 4476 postea
943 4410 1111 4478 imperatoris
1123 4410 1205 4478 huJus
1216 4411 1331 4465 nominis
1344 4412 1364 4463 Ι.
1390 4411 1490 4464 Textus
1501 4402 1531 4458 22

314 4475 442 4529 librorum
455 4476 591 4545 eleganter
603 4483 630 4530 et
642 4484 767 4531 accurate
778 4476 926 4544 impressus
939 4484 980 4531 est
992 4495 1007 4533 e
1020 4478 1123 4532 duobus
1136 4479 1328 4546 antiquissimis
1341 4478 1474 4532 codicibus
1487 4471 1530 4527 sub

204 4565 208 4576 ·
314 4543 404 4596 titulo:
426 4543 508 4598 Liber
520 4561 555 4598 ss.
568 4545 710 4614 Evangelii
721 4545 754 4598 de
766 4544 784 4597 J
786 4559 834 4598 esu
846 4545 952 4599 Christo
964 4547 1078 4602 Domino
1089 4552 1117 4600 et
1128 4547 1186 4600 Deo
1197 4554 1296 4628 nostro,
1321 4549 1353 4601 D.
1367 4538 1530 4600 serenandi,
