<?xml version="1.0" encoding="UTF-8"?>
<!DOCTYPE html PUBLIC "-//W3C//DTD XHTML 1.0 Transitional//EN"
    "http://www.w3.org/TR/xhtml1/DTD/xhtml1-transitional.dtd">
<html xmlns="http://www.w3.org/1999/xhtml" xml:lang="en" lang="en">
 <head>
  <title>
</title>
<meta http-equiv="Content-Type" content="text/html;charset=utf-8" />
  <meta name='ocr-system' content='tesseract 3.04.00' />
  <meta name='ocr-capabilities' content='ocr_page ocr_carea ocr_par ocr_line ocrx_word'/>
</head>
<body>
  <div class='ocr_page' id='page_1' title='image "./introductioinsa00gngoog_0273.png"; bbox 0 0 3364 5156; ppageno 0'>
   <div class='ocr_carea' id='block_1_1' title="bbox 769 311 1054 374">
    <p class='ocr_par' dir='ltr' id='par_1_1' title="bbox 769 311 1054 374">
     <span class='ocr_line' id='line_1_1' title="bbox 769 311 1054 374; baseline -0.007 -18"><span class='ocrx_word' id='word_1_1' title='bbox 769 311 1054 374; x_wconf 69' lang='lat'>...250-</span> 
     </span>
    </p>
   </div>
   <div class='ocr_carea' id='block_1_2' title="bbox 298 479 1589 906">
    <p class='ocr_par' dir='ltr' id='par_1_2' title="bbox 298 479 1589 906">
     <span class='ocr_line' id='line_1_2' title="bbox 298 479 1521 565; baseline -0.001 -18"><span class='ocrx_word' id='word_1_2' title='bbox 298 483 354 564; x_wconf 87' lang='lat' dir='ltr'>qui</span> <span class='ocrx_word' id='word_1_3' title='bbox 368 487 490 547; x_wconf 90' lang='lat' dir='ltr'>rectam</span> <span class='ocrx_word' id='word_1_4' title='bbox 505 481 664 547; x_wconf 86' lang='lat' dir='ltr'>idolorum</span> <span class='ocrx_word' id='word_1_5' title='bbox 678 479 818 546; x_wconf 79' lang='lat' dir='ltr'>habeant</span> <span class='ocrx_word' id='word_1_6' title='bbox 833 481 1053 562; x_wconf 80' lang='lat' dir='ltr'>cognitionem,</span> <span class='ocrx_word' id='word_1_7' title='bbox 1068 479 1214 546; x_wconf 89' lang='lat' dir='ltr'>ilhcitum</span> <span class='ocrx_word' id='word_1_8' title='bbox 1229 501 1306 548; x_wconf 91' lang='lat' dir='ltr'>vero</span> <span class='ocrx_word' id='word_1_9' title='bbox 1322 487 1355 547; x_wconf 91' lang='lat' dir='ltr'>et</span> <span class='ocrx_word' id='word_1_10' title='bbox 1369 482 1521 565; x_wconf 91' lang='lat' dir='ltr'>peccami-</span> 
     </span>
     <span class='ocr_line' id='line_1_3' title="bbox 298 565 1522 648; baseline -0.002 -15"><span class='ocrx_word' id='word_1_11' title='bbox 298 585 428 648; x_wconf 92' lang='lat' dir='ltr'>nosum,</span> <span class='ocrx_word' id='word_1_12' title='bbox 452 567 479 632; x_wconf 91' lang='lat' dir='ltr'>si</span> <span class='ocrx_word' id='word_1_13' title='bbox 495 566 704 632; x_wconf 88' lang='lat' dir='ltr'>debilioribus</span> <span class='ocrx_word' id='word_1_14' title='bbox 719 565 905 630; x_wconf 90' lang='lat' dir='ltr'>scandalum</span> <span class='ocrx_word' id='word_1_15' title='bbox 920 566 1116 647; x_wconf 89' lang='lat' dir='ltr'>praebeatur</span> <span class='ocrx_word' id='word_1_16' title='bbox 1130 567 1166 645; x_wconf 85' lang='lat'>8,</span> <span class='ocrx_word' id='word_1_17' title='bbox 1192 569 1305 633; x_wconf 86' lang='grc'>1-13,</span> <span class='ocrx_word' id='word_1_18' title='bbox 1344 569 1410 633; x_wconf 85' lang='lat' dir='ltr'>Suc</span> <span class='ocrx_word' id='word_1_19' title='bbox 1424 568 1522 648; x_wconf 89' lang='lat' dir='ltr'>ipsius</span> 
     </span>
     <span class='ocr_line' id='line_1_4' title="bbox 299 651 1589 736; baseline 0 -19"><span class='ocrx_word' id='word_1_20' title='bbox 299 653 373 718; x_wconf 92' lang='lat' dir='ltr'>dein</span> <span class='ocrx_word' id='word_1_21' title='bbox 388 652 531 734; x_wconf 88' lang='lat' dir='ltr'>exemplo</span> <span class='ocrx_word' id='word_1_22' title='bbox 547 652 697 731; x_wconf 85' lang='lat' dir='ltr'>ostendit,</span> <span class='ocrx_word' id='word_1_23' title='bbox 713 652 872 733; x_wconf 90' lang='lat' dir='ltr'>quomodo</span> <span class='ocrx_word' id='word_1_24' title='bbox 888 651 1023 716; x_wconf 88' lang='lat' dir='ltr'>aliorum</span> <span class='ocrx_word' id='word_1_25' title='bbox 1035 652 1159 717; x_wconf 88' lang='lat' dir='ltr'>ratione</span> <span class='ocrx_word' id='word_1_26' title='bbox 1169 652 1281 718; x_wconf 91' lang='lat' dir='ltr'>habita</span> <span class='ocrx_word' id='word_1_27' title='bbox 1293 654 1343 718; x_wconf 91' lang='lat' dir='ltr'>sui</span> <span class='ocrx_word' id='word_1_28' title='bbox 1355 654 1523 736; x_wconf 84' lang='lat' dir='ltr'>abnegatio</span> <span class='ocrx_word' id='word_1_29' title='bbox 1586 721 1589 725; x_wconf 73' lang='grc'>,</span> 
     </span>
     <span class='ocr_line' id='line_1_5' title="bbox 300 737 1525 819; baseline -0.002 -15"><span class='ocrx_word' id='word_1_30' title='bbox 300 743 332 804; x_wconf 92' lang='grc'>61</span> <span class='ocrx_word' id='word_1_31' title='bbox 353 757 373 804; x_wconf 89' lang='lat' dir='ltr'>a</span> <span class='ocrx_word' id='word_1_32' title='bbox 394 738 489 803; x_wconf 91' lang='lat' dir='ltr'>licitis</span> <span class='ocrx_word' id='word_1_33' title='bbox 511 756 640 818; x_wconf 90' lang='lat' dir='ltr'>quoque</span> <span class='ocrx_word' id='word_1_34' title='bbox 659 737 854 802; x_wconf 86' lang='lat' dir='ltr'>abstinentia</span> <span class='ocrx_word' id='word_1_35' title='bbox 877 737 1053 801; x_wconf 86' lang='lat' dir='ltr'>exercenda</span> <span class='ocrx_word' id='word_1_36' title='bbox 1074 737 1132 816; x_wconf 92' lang='lat' dir='ltr'>sit,</span> <span class='ocrx_word' id='word_1_37' title='bbox 1160 743 1192 802; x_wconf 91' lang='lat' dir='ltr'>et</span> <span class='ocrx_word' id='word_1_38' title='bbox 1211 744 1248 802; x_wconf 89' lang='lat' dir='ltr'>ut</span> <span class='ocrx_word' id='word_1_39' title='bbox 1268 739 1407 804; x_wconf 91' lang='lat' dir='ltr'>lectores</span> <span class='ocrx_word' id='word_1_40' title='bbox 1422 739 1525 819; x_wconf 90' lang='lat' dir='ltr'>ipsum</span> 
     </span>
     <span class='ocr_line' id='line_1_6' title="bbox 299 821 1525 906; baseline -0.003 -17"><span class='ocrx_word' id='word_1_41' title='bbox 299 831 475 904; x_wconf 89' lang='lat' dir='ltr'>sequantur</span> <span class='ocrx_word' id='word_1_42' title='bbox 488 829 586 904; x_wconf 89' lang='lat' dir='ltr'>atque</span> <span class='ocrx_word' id='word_1_43' title='bbox 602 841 750 888; x_wconf 90' lang='lat' dir='ltr'>coronam</span> <span class='ocrx_word' id='word_1_44' title='bbox 763 821 1058 887; x_wconf 86' lang='lat' dir='ltr'>immarcessibilem</span> <span class='ocrx_word' id='word_1_45' title='bbox 1072 822 1239 903; x_wconf 90' lang='lat' dir='ltr'>accipiant,</span> <span class='ocrx_word' id='word_1_46' title='bbox 1255 842 1290 890; x_wconf 91' lang='lat' dir='ltr'>se</span> <span class='ocrx_word' id='word_1_47' title='bbox 1303 843 1419 906; x_wconf 91' lang='lat' dir='ltr'>corpus</span> <span class='ocrx_word' id='word_1_48' title='bbox 1435 842 1525 888; x_wconf 92' lang='lat' dir='ltr'>suum</span> 
     </span>
    </p>
   </div>
   <div class='ocr_carea' id='block_1_3' title="bbox 297 907 1533 4313">
    <p class='ocr_par' dir='ltr' id='par_1_3' title="bbox 298 907 1527 1826">
     <span class='ocr_line' id='line_1_7' title="bbox 300 907 1526 990; baseline -0.001 -16"><span class='ocrx_word' id='word_1_49' title='bbox 300 909 458 990; x_wconf 86' lang='lat' dir='ltr'>castigare</span> <span class='ocrx_word' id='word_1_50' title='bbox 474 917 506 973; x_wconf 91' lang='lat' dir='ltr'>et</span> <span class='ocrx_word' id='word_1_51' title='bbox 521 909 553 972; x_wconf 91' lang='lat' dir='ltr'>in</span> <span class='ocrx_word' id='word_1_52' title='bbox 568 908 756 973; x_wconf 90' lang='lat' dir='ltr'>servitutem</span> <span class='ocrx_word' id='word_1_53' title='bbox 771 908 918 988; x_wconf 83' lang='lat' dir='ltr'>redigere</span> <span class='ocrx_word' id='word_1_54' title='bbox 933 907 1012 972; x_wconf 91' lang='lat' dir='ltr'>dicit</span> <span class='ocrx_word' id='word_1_55' title='bbox 1026 908 1059 987; x_wconf 83' lang='lat'>9,</span> <span class='ocrx_word' id='word_1_56' title='bbox 1077 909 1190 971; x_wconf 78' lang='lat'><strong>1—27.</strong></span> <span class='ocrx_word' id='word_1_57' title='bbox 1236 909 1306 985; x_wconf 82' lang='lat' dir='ltr'>Quo</span> <span class='ocrx_word' id='word_1_58' title='bbox 1327 908 1444 974; x_wconf 88' lang='lat' dir='ltr'>fortius</span> <span class='ocrx_word' id='word_1_59' title='bbox 1465 909 1526 974; x_wconf 90' lang='lat' dir='ltr'>lec·</span> 
     </span>
     <span class='ocr_line' id='line_1_8' title="bbox 298 992 1526 1076; baseline -0.002 -18"><span class='ocrx_word' id='word_1_60' title='bbox 298 994 423 1060; x_wconf 88' lang='lat' dir='ltr'>toribus</span> <span class='ocrx_word' id='word_1_61' title='bbox 439 1001 584 1058; x_wconf 90' lang='lat' dir='ltr'>sanctum</span> <span class='ocrx_word' id='word_1_62' title='bbox 598 994 747 1058; x_wconf 90' lang='lat' dir='ltr'>timorem</span> <span class='ocrx_word' id='word_1_63' title='bbox 761 992 911 1073; x_wconf 90' lang='lat' dir='ltr'>inspiret,</span> <span class='ocrx_word' id='word_1_64' title='bbox 928 993 1071 1073; x_wconf 88' lang='lat' dir='ltr'>exemplo</span> <span class='ocrx_word' id='word_1_65' title='bbox 1086 993 1322 1074; x_wconf 74' lang='lat' dir='ltr'>Israelitarum,</span> <span class='ocrx_word' id='word_1_66' title='bbox 1338 996 1394 1076; x_wconf 90' lang='lat' dir='ltr'>qui</span> <span class='ocrx_word' id='word_1_67' title='bbox 1410 992 1526 1060; x_wconf 85' lang='lat' dir='ltr'>beneti-</span> 
     </span>
     <span class='ocr_line' id='line_1_9' title="bbox 299 1077 1526 1159; baseline -0.002 -13"><span class='ocrx_word' id='word_1_68' title='bbox 299 1079 420 1146; x_wconf 88' lang='lat' dir='ltr'>ciorum</span> <span class='ocrx_word' id='word_1_69' title='bbox 435 1079 614 1144; x_wconf 91' lang='lat' dir='ltr'>divinorum</span> <span class='ocrx_word' id='word_1_70' title='bbox 628 1079 803 1159; x_wconf 85' lang='lat' dir='ltr'>participes</span> <span class='ocrx_word' id='word_1_71' title='bbox 817 1077 894 1142; x_wconf 89' lang='lat' dir='ltr'>facti</span> <span class='ocrx_word' id='word_1_72' title='bbox 908 1079 940 1142; x_wconf 93' lang='lat' dir='ltr'>in</span> <span class='ocrx_word' id='word_1_73' title='bbox 955 1078 1083 1143; x_wconf 89' lang='lat' dir='ltr'>deserto</span> <span class='ocrx_word' id='word_1_74' title='bbox 1098 1078 1277 1159; x_wconf 90' lang='lat' dir='ltr'>perierunt,</span> <span class='ocrx_word' id='word_1_75' title='bbox 1293 1080 1451 1159; x_wconf 87' lang='lat' dir='ltr'>ostendit,</span> <span class='ocrx_word' id='word_1_76' title='bbox 1466 1079 1526 1144; x_wconf 90' lang='lat' dir='ltr'>lec-</span> 
     </span>
     <span class='ocr_line' id='line_1_10' title="bbox 299 1163 1526 1245; baseline -0.002 -15"><span class='ocrx_word' id='word_1_77' title='bbox 299 1169 388 1230; x_wconf 88' lang='lat' dir='ltr'>tores</span> <span class='ocrx_word' id='word_1_78' title='bbox 413 1184 472 1245; x_wconf 93' lang='lat' dir='ltr'>per</span> <span class='ocrx_word' id='word_1_79' title='bbox 497 1164 748 1229; x_wconf 88' lang='lat' dir='ltr'>inobedientiam</span> <span class='ocrx_word' id='word_1_80' title='bbox 773 1163 879 1244; x_wconf 74' lang='lat' dir='ltr'>gratia</span> <span class='ocrx_word' id='word_1_81' title='bbox 904 1163 1012 1227; x_wconf 82' lang='lat' dir='ltr'>divina</span> <span class='ocrx_word' id='word_1_82' title='bbox 1038 1164 1183 1229; x_wconf 86' lang='lat' dir='ltr'>excidere</span> <span class='ocrx_word' id='word_1_83' title='bbox 1211 1173 1243 1229; x_wconf 89' lang='lat' dir='ltr'>et</span> <span class='ocrx_word' id='word_1_84' title='bbox 1268 1165 1526 1245; x_wconf 89' lang='lat' dir='ltr'>reprobationem</span> 
     </span>
     <span class='ocr_line' id='line_1_11' title="bbox 299 1248 1526 1331; baseline -0.002 -16"><span class='ocrx_word' id='word_1_85' title='bbox 299 1269 391 1315; x_wconf 92' lang='lat' dir='ltr'>suam</span> <span class='ocrx_word' id='word_1_86' title='bbox 407 1250 567 1315; x_wconf 89' lang='lat' dir='ltr'>adducere</span> <span class='ocrx_word' id='word_1_87' title='bbox 582 1268 678 1330; x_wconf 91' lang='lat' dir='ltr'>posse</span> <span class='ocrx_word' id='word_1_88' title='bbox 694 1250 744 1328; x_wconf 99' lang='grc'>10,</span> <span class='ocrx_word' id='word_1_89' title='bbox 763 1249 853 1312; x_wconf 84' lang='grc'>1-6,</span> <span class='ocrx_word' id='word_1_90' title='bbox 882 1248 989 1324; x_wconf 84' lang='lat' dir='ltr'>Quare</span> <span class='ocrx_word' id='word_1_91' title='bbox 1004 1249 1139 1329; x_wconf 90' lang='lat' dir='ltr'>quodvis</span> <span class='ocrx_word' id='word_1_92' title='bbox 1153 1257 1322 1330; x_wconf 91' lang='lat' dir='ltr'>peccatum</span> <span class='ocrx_word' id='word_1_93' title='bbox 1340 1249 1526 1331; x_wconf 87' lang='lat' dir='ltr'>fugiendum</span> 
     </span>
     <span class='ocr_line' id='line_1_12' title="bbox 300 1334 1527 1416; baseline -0.002 -15"><span class='ocrx_word' id='word_1_94' title='bbox 300 1340 350 1402; x_wconf 89' lang='grc'>661</span> <span class='ocrx_word' id='word_1_95' title='bbox 373 1335 458 1400; x_wconf 90' lang='lat' dir='ltr'>etin</span> <span class='ocrx_word' id='word_1_96' title='bbox 479 1335 586 1416; x_wconf 83' lang='lat' dir='ltr'>specie</span> <span class='ocrx_word' id='word_1_97' title='bbox 609 1334 798 1413; x_wconf 89' lang='lat' dir='ltr'>cavendum,</span> <span class='ocrx_word' id='word_1_98' title='bbox 825 1353 865 1398; x_wconf 91' lang='lat' dir='ltr'>ne</span> <span class='ocrx_word' id='word_1_99' title='bbox 887 1335 1062 1414; x_wconf 88' lang='lat' dir='ltr'>participes</span> <span class='ocrx_word' id='word_1_100' title='bbox 1085 1335 1149 1398; x_wconf 91' lang='lat' dir='ltr'>sint</span> <span class='ocrx_word' id='word_1_101' title='bbox 1175 1354 1359 1414; x_wconf 90' lang='lat' dir='ltr'>coenarum,</span> <span class='ocrx_word' id='word_1_102' title='bbox 1387 1354 1472 1416; x_wconf 89' lang='lat' dir='ltr'>quae</span> <span class='ocrx_word' id='word_1_103' title='bbox 1496 1336 1527 1398; x_wconf 93' lang='lat' dir='ltr'>in</span> 
     </span>
     <span class='ocr_line' id='line_1_13' title="bbox 298 1419 1526 1499; baseline -0.001 -14"><span class='ocrx_word' id='word_1_104' title='bbox 298 1420 453 1486; x_wconf 89' lang='lat' dir='ltr'>honorem</span> <span class='ocrx_word' id='word_1_105' title='bbox 467 1420 627 1485; x_wconf 92' lang='lat' dir='ltr'>idolorum</span> <span class='ocrx_word' id='word_1_106' title='bbox 642 1419 857 1498; x_wconf 86' lang='lat' dir='ltr'>celebrantur,</span> <span class='ocrx_word' id='word_1_107' title='bbox 873 1420 950 1499; x_wconf 90' lang='lat' dir='ltr'>quia</span> <span class='ocrx_word' id='word_1_108' title='bbox 964 1420 1024 1484; x_wconf 91' lang='lat' dir='ltr'>hac</span> <span class='ocrx_word' id='word_1_109' title='bbox 1039 1420 1163 1484; x_wconf 89' lang='lat' dir='ltr'>ratione</span> <span class='ocrx_word' id='word_1_110' title='bbox 1176 1421 1360 1486; x_wconf 78' lang='lat' dir='ltr'>idololatria</span> <span class='ocrx_word' id='word_1_111' title='bbox 1375 1421 1526 1486; x_wconf 91' lang='lat' dir='ltr'>contami-</span> 
     </span>
     <span class='ocr_line' id='line_1_14' title="bbox 299 1504 1527 1586; baseline -0.001 -16"><span class='ocrx_word' id='word_1_112' title='bbox 299 1510 454 1570; x_wconf 88' lang='lat' dir='ltr'>narentur</span> <span class='ocrx_word' id='word_1_113' title='bbox 469 1513 502 1570; x_wconf 91' lang='lat' dir='ltr'>et</span> <span class='ocrx_word' id='word_1_114' title='bbox 517 1524 589 1570; x_wconf 92' lang='lat' dir='ltr'>cum</span> <span class='ocrx_word' id='word_1_115' title='bbox 604 1504 812 1569; x_wconf 87' lang='lat' dir='ltr'>daemonibus</span> <span class='ocrx_word' id='word_1_116' title='bbox 827 1505 1079 1570; x_wconf 90' lang='lat' dir='ltr'>communionem</span> <span class='ocrx_word' id='word_1_117' title='bbox 1093 1505 1219 1584; x_wconf 87' lang='lat' dir='ltr'>inirent,</span> <span class='ocrx_word' id='word_1_118' title='bbox 1237 1507 1324 1586; x_wconf 90' lang='lat' dir='ltr'>quod</span> <span class='ocrx_word' id='word_1_119' title='bbox 1339 1525 1412 1570; x_wconf 90' lang='lat' dir='ltr'>cum</span> <span class='ocrx_word' id='word_1_120' title='bbox 1427 1506 1527 1586; x_wconf 90' lang='lat' dir='ltr'>digni-</span> 
     </span>
     <span class='ocr_line' id='line_1_15' title="bbox 300 1589 1527 1670; baseline -0.001 -16"><span class='ocrx_word' id='word_1_121' title='bbox 300 1595 370 1655; x_wconf 89' lang='lat' dir='ltr'>tate</span> <span class='ocrx_word' id='word_1_122' title='bbox 386 1589 559 1654; x_wconf 84' lang='lat' dir='ltr'>Christiani</span> <span class='ocrx_word' id='word_1_123' title='bbox 574 1590 661 1655; x_wconf 89' lang='lat' dir='ltr'>nullo</span> <span class='ocrx_word' id='word_1_124' title='bbox 676 1589 771 1654; x_wconf 91' lang='lat' dir='ltr'>modo</span> <span class='ocrx_word' id='word_1_125' title='bbox 787 1589 948 1654; x_wconf 90' lang='lat' dir='ltr'>conciliari</span> <span class='ocrx_word' id='word_1_126' title='bbox 963 1595 1071 1670; x_wconf 91' lang='lat' dir='ltr'>potest</span> <span class='ocrx_word' id='word_1_127' title='bbox 1088 1593 1137 1668; x_wconf 92' lang='grc'>10,</span> <span class='ocrx_word' id='word_1_128' title='bbox 1154 1591 1268 1656; x_wconf 81' lang='grc'><strong>7-22.</strong></span> <span class='ocrx_word' id='word_1_129' title='bbox 1295 1591 1345 1656; x_wconf 91' lang='lat' dir='ltr'>De</span> <span class='ocrx_word' id='word_1_130' title='bbox 1361 1610 1419 1655; x_wconf 91' lang='lat' dir='ltr'>esu</span> <span class='ocrx_word' id='word_1_131' title='bbox 1434 1589 1527 1654; x_wconf 82' lang='lat' dir='ltr'>idolo-</span> 
     </span>
     <span class='ocr_line' id='line_1_16' title="bbox 300 1673 1526 1826; baseline 0.001 -88"><span class='ocrx_word' id='word_1_132' title='bbox 300 1673 454 1826; x_wconf 54' lang='lat' dir='ltr'>tdaptornm</span> <span class='ocrx_word' id='word_1_133' title='bbox 483 1677 516 1740; x_wconf 92' lang='lat' dir='ltr'>iu</span> <span class='ocrx_word' id='word_1_134' title='bbox 544 1676 639 1741; x_wconf 91' lang='lat' dir='ltr'>domo</span> <span class='ocrx_word' id='word_1_135' title='bbox 669 1676 801 1757; x_wconf 89' lang='lat' dir='ltr'>propria</span> <span class='ocrx_word' id='word_1_136' title='bbox 830 1683 863 1739; x_wconf 92' lang='lat' dir='ltr'>et</span> <span class='ocrx_word' id='word_1_137' title='bbox 892 1675 996 1740; x_wconf 91' lang='lat' dir='ltr'>aliena</span> <span class='ocrx_word' id='word_1_138' title='bbox 1022 1676 1174 1756; x_wconf 86' lang='lat' dir='ltr'>specialia</span> <span class='ocrx_word' id='word_1_139' title='bbox 1198 1677 1320 1740; x_wconf 90' lang='lat' dir='ltr'>monita</span> <span class='ocrx_word' id='word_1_140' title='bbox 1345 1674 1453 1741; x_wconf 80' lang='lat' dir='ltr'>adfert</span> <span class='ocrx_word' id='word_1_141' title='bbox 1480 1677 1526 1754; x_wconf 90' lang='grc'>10,</span> 
     </span>
    </p>

    <p class='ocr_par' dir='ltr' id='par_1_4' title="bbox 297 1844 1531 3542">
     <span class='ocr_line' id='line_1_17' title="bbox 385 1844 1527 1927; baseline -0.003 -16"><span class='ocrx_word' id='word_1_142' title='bbox 385 1844 415 1927; x_wconf 85' lang='grc'>6)</span> <span class='ocrx_word' id='word_1_143' title='bbox 438 1846 657 1926; x_wconf 83' lang='lat' dir='ltr'>Reprehendit</span> <span class='ocrx_word' id='word_1_144' title='bbox 671 1846 789 1908; x_wconf 78' lang='lat' dir='ltr'>abacos</span> <span class='ocrx_word' id='word_1_145' title='bbox 809 1847 843 1908; x_wconf 78' lang='lat' dir='ltr'>in</span> <span class='ocrx_word' id='word_1_146' title='bbox 866 1846 1063 1908; x_wconf 76' lang='lat' dir='ltr'>concentibus</span> <span class='ocrx_word' id='word_1_147' title='bbox 1082 1846 1202 1926; x_wconf 75' lang='lat' dir='ltr'>sacris,</span> <span class='ocrx_word' id='word_1_148' title='bbox 1228 1854 1261 1909; x_wconf 87' lang='lat' dir='ltr'>et</span> <span class='ocrx_word' id='word_1_149' title='bbox 1286 1846 1418 1926; x_wconf 86' lang='lat' dir='ltr'>quidem</span> <span class='ocrx_word' id='word_1_150' title='bbox 1444 1846 1527 1926; x_wconf 88' lang='lat' dir='ltr'>quod</span> 
     </span>
     <span class='ocr_line' id='line_1_18' title="bbox 301 1929 1526 2010; baseline 0 -16"><span class='ocrx_word' id='word_1_151' title='bbox 301 1929 451 1997; x_wconf 90' lang='lat' dir='ltr'>mulieres</span> <span class='ocrx_word' id='word_1_152' title='bbox 466 1951 529 1996; x_wconf 92' lang='grc'>161</span> <span class='ocrx_word' id='word_1_153' title='bbox 543 1932 669 1996; x_wconf 87' lang='lat' dir='ltr'>velatae</span> <span class='ocrx_word' id='word_1_154' title='bbox 684 1938 777 1996; x_wconf 90' lang='lat' dir='ltr'>orent</span> <span class='ocrx_word' id='word_1_155' title='bbox 796 1949 833 1996; x_wconf 90' lang='lat' dir='ltr'>ac</span> <span class='ocrx_word' id='word_1_156' title='bbox 852 1930 1060 2010; x_wconf 89' lang='lat' dir='ltr'>prophetent,</span> <span class='ocrx_word' id='word_1_157' title='bbox 1088 1949 1159 1996; x_wconf 90' lang='lat' dir='ltr'>cum</span> <span class='ocrx_word' id='word_1_158' title='bbox 1180 1936 1287 1996; x_wconf 91' lang='lat' dir='ltr'>tamen</span> <span class='ocrx_word' id='word_1_159' title='bbox 1306 1931 1428 2009; x_wconf 91' lang='lat' dir='ltr'>velum,</span> <span class='ocrx_word' id='word_1_160' title='bbox 1456 1931 1526 1995; x_wconf 90' lang='lat' dir='ltr'>sub-</span> 
     </span>
     <span class='ocr_line' id='line_1_19' title="bbox 297 2015 1527 2098; baseline -0.003 -16"><span class='ocrx_word' id='word_1_161' title='bbox 297 2017 447 2097; x_wconf 88' lang='lat' dir='ltr'>jectionis</span> <span class='ocrx_word' id='word_1_162' title='bbox 463 2016 522 2082; x_wconf 90' lang='lat' dir='ltr'>sub</span> <span class='ocrx_word' id='word_1_163' title='bbox 538 2017 599 2081; x_wconf 93' lang='lat' dir='ltr'>viri</span> <span class='ocrx_word' id='word_1_164' title='bbox 613 2020 776 2098; x_wconf 88' lang='lat' dir='ltr'>potestate</span> <span class='ocrx_word' id='word_1_165' title='bbox 792 2015 983 2097; x_wconf 90' lang='lat' dir='ltr'>symbolum,</span> <span class='ocrx_word' id='word_1_166' title='bbox 1006 2016 1046 2079; x_wconf 91' lang='lat' dir='ltr'>ab</span> <span class='ocrx_word' id='word_1_167' title='bbox 1063 2016 1134 2096; x_wconf 91' lang='lat' dir='ltr'>ipsa</span> <span class='ocrx_word' id='word_1_168' title='bbox 1153 2020 1270 2080; x_wconf 90' lang='lat' dir='ltr'>natura</span> <span class='ocrx_word' id='word_1_169' title='bbox 1289 2016 1527 2081; x_wconf 88' lang='lat' dir='ltr'>commendetur</span> 
     </span>
     <span class='ocr_line' id='line_1_20' title="bbox 303 2101 1526 2183; baseline 0 -19"><span class='ocrx_word' id='word_1_170' title='bbox 303 2103 361 2181; x_wconf 92' lang='lat' dir='ltr'>ll,</span> <span class='ocrx_word' id='word_1_171' title='bbox 384 2103 529 2181; x_wconf 78' lang='lat'>2-16.;</span> <span class='ocrx_word' id='word_1_172' title='bbox 556 2103 643 2183; x_wconf 85' lang='lat' dir='ltr'>quod</span> <span class='ocrx_word' id='word_1_173' title='bbox 664 2119 785 2183; x_wconf 92' lang='lat' dir='ltr'>agapas</span> <span class='ocrx_word' id='word_1_174' title='bbox 803 2102 970 2166; x_wconf 87' lang='lat' dir='ltr'>inhoneste</span> <span class='ocrx_word' id='word_1_175' title='bbox 991 2107 1024 2165; x_wconf 90' lang='lat' dir='ltr'>et</span> <span class='ocrx_word' id='word_1_176' title='bbox 1042 2102 1075 2165; x_wconf 92' lang='lat' dir='ltr'>in</span> <span class='ocrx_word' id='word_1_177' title='bbox 1100 2119 1283 2182; x_wconf 91' lang='lat' dir='ltr'>pauperum</span> <span class='ocrx_word' id='word_1_178' title='bbox 1305 2101 1526 2166; x_wconf 89' lang='lat' dir='ltr'>contumeham</span> 
     </span>
     <span class='ocr_line' id='line_1_21' title="bbox 301 2185 1527 2266; baseline -0.002 -13"><span class='ocrx_word' id='word_1_179' title='bbox 301 2187 478 2266; x_wconf 75' lang='lat' dir='ltr'>celebrent,</span> <span class='ocrx_word' id='word_1_180' title='bbox 500 2188 573 2252; x_wconf 92' lang='lat' dir='ltr'>hinc</span> <span class='ocrx_word' id='word_1_181' title='bbox 594 2188 627 2252; x_wconf 92' lang='lat' dir='ltr'>in</span> <span class='ocrx_word' id='word_1_182' title='bbox 649 2187 835 2252; x_wconf 88' lang='lat' dir='ltr'>memoriam</span> <span class='ocrx_word' id='word_1_183' title='bbox 858 2187 904 2251; x_wconf 90' lang='lat' dir='ltr'>eis</span> <span class='ocrx_word' id='word_1_184' title='bbox 923 2190 1053 2250; x_wconf 92' lang='lat' dir='ltr'>revocat</span> <span class='ocrx_word' id='word_1_185' title='bbox 1075 2205 1116 2250; x_wconf 91' lang='lat' dir='ltr'>ss.</span> <span class='ocrx_word' id='word_1_186' title='bbox 1152 2185 1277 2252; x_wconf 88' lang='lat' dir='ltr'>Coenae</span> <span class='ocrx_word' id='word_1_187' title='bbox 1295 2186 1527 2251; x_wconf 89' lang='lat' dir='ltr'>institutionem</span> 
     </span>
     <span class='ocr_line' id='line_1_22' title="bbox 301 2271 1527 2353; baseline -0.002 -17"><span class='ocrx_word' id='word_1_188' title='bbox 301 2291 361 2353; x_wconf 89' lang='lat' dir='ltr'>per</span> <span class='ocrx_word' id='word_1_189' title='bbox 376 2271 539 2337; x_wconf 85' lang='lat' dir='ltr'>Christum</span> <span class='ocrx_word' id='word_1_190' title='bbox 553 2271 687 2350; x_wconf 89' lang='lat' dir='ltr'>factam,</span> <span class='ocrx_word' id='word_1_191' title='bbox 712 2277 748 2336; x_wconf 90' lang='lat' dir='ltr'>ut</span> <span class='ocrx_word' id='word_1_192' title='bbox 759 2272 855 2352; x_wconf 88' lang='lat' dir='ltr'>hujus</span> <span class='ocrx_word' id='word_1_193' title='bbox 872 2271 1069 2336; x_wconf 86' lang='lat' dir='ltr'>Sacramenti</span> <span class='ocrx_word' id='word_1_194' title='bbox 1084 2272 1321 2336; x_wconf 91' lang='lat' dir='ltr'>venerationem</span> <span class='ocrx_word' id='word_1_195' title='bbox 1337 2272 1472 2350; x_wconf 88' lang='lat' dir='ltr'>excitet,</span> <span class='ocrx_word' id='word_1_196' title='bbox 1498 2277 1527 2336; x_wconf 92' lang='lat' dir='ltr'>ct</span> 
     </span>
     <span class='ocr_line' id='line_1_23' title="bbox 301 2356 1527 2438; baseline -0.002 -17"><span class='ocrx_word' id='word_1_197' title='bbox 301 2356 452 2438; x_wconf 88' lang='lat' dir='ltr'>indignae</span> <span class='ocrx_word' id='word_1_198' title='bbox 472 2357 701 2422; x_wconf 90' lang='lat' dir='ltr'>communionis</span> <span class='ocrx_word' id='word_1_199' title='bbox 725 2357 950 2438; x_wconf 88' lang='lat' dir='ltr'>gravissimum</span> <span class='ocrx_word' id='word_1_200' title='bbox 973 2357 1092 2421; x_wconf 86' lang='grc'>6111161</span> <span class='ocrx_word' id='word_1_201' title='bbox 1114 2358 1264 2422; x_wconf 87' lang='lat' dir='ltr'>ostendat</span> <span class='ocrx_word' id='word_1_202' title='bbox 1286 2358 1342 2435; x_wconf 84' lang='lat'>11,</span> <span class='ocrx_word' id='word_1_203' title='bbox 1368 2357 1527 2434; x_wconf 81' lang='lat'>17—34.;</span> 
     </span>
     <span class='ocr_line' id='line_1_24' title="bbox 302 2441 1527 2527; baseline -0.001 -21"><span class='ocrx_word' id='word_1_204' title='bbox 302 2443 441 2524; x_wconf 86' lang='lat' dir='ltr'>denique</span> <span class='ocrx_word' id='word_1_205' title='bbox 465 2443 552 2523; x_wconf 87' lang='lat' dir='ltr'>quod</span> <span class='ocrx_word' id='word_1_206' title='bbox 579 2442 662 2505; x_wconf 83' lang='grc'>116116</span> <span class='ocrx_word' id='word_1_207' title='bbox 688 2441 829 2527; x_wconf 64' lang='lat' dir='ltr'>sz&#39;acce</span> <span class='ocrx_word' id='word_1_208' title='bbox 858 2465 881 2505; x_wconf 87' lang='lat' dir='ltr'>a.</span> <span class='ocrx_word' id='word_1_209' title='bbox 909 2442 1165 2506; x_wconf 76' lang='lat' dir='ltr'>enotrcordz&#39;narc&#39;a</span> <span class='ocrx_word' id='word_1_210' title='bbox 1194 2462 1211 2506; x_wconf 98' lang='grc'>6</span> <span class='ocrx_word' id='word_1_211' title='bbox 1240 2443 1383 2507; x_wconf 84' lang='lat' dir='ltr'>vanitate</span> <span class='ocrx_word' id='word_1_212' title='bbox 1413 2442 1527 2523; x_wconf 76' lang='lat' dir='ltr'>potina,</span> 
     </span>
     <span class='ocr_line' id='line_1_25' title="bbox 302 2525 1527 2609; baseline -0.001 -18"><span class='ocrx_word' id='word_1_213' title='bbox 302 2545 401 2609; x_wconf 93' lang='lat' dir='ltr'>quam</span> <span class='ocrx_word' id='word_1_214' title='bbox 416 2547 454 2592; x_wconf 86' lang='lat' dir='ltr'>ex</span> <span class='ocrx_word' id='word_1_215' title='bbox 470 2547 580 2593; x_wconf 92' lang='lat' dir='ltr'>eorum</span> <span class='ocrx_word' id='word_1_216' title='bbox 595 2527 737 2593; x_wconf 88' lang='lat' dir='ltr'>utilitate</span> <span class='ocrx_word' id='word_1_217' title='bbox 752 2527 931 2606; x_wconf 85' lang='lat' dir='ltr'>aestiment,</span> <span class='ocrx_word' id='word_1_218' title='bbox 948 2532 981 2592; x_wconf 91' lang='lat' dir='ltr'>et</span> <span class='ocrx_word' id='word_1_219' title='bbox 995 2547 1058 2593; x_wconf 91' lang='lat' dir='ltr'>non</span> <span class='ocrx_word' id='word_1_220' title='bbox 1072 2527 1105 2592; x_wconf 92' lang='lat' dir='ltr'>in</span> <span class='ocrx_word' id='word_1_221' title='bbox 1121 2546 1319 2593; x_wconf 90' lang='lat' dir='ltr'>communem</span> <span class='ocrx_word' id='word_1_222' title='bbox 1333 2525 1527 2592; x_wconf 90' lang='lat' dir='ltr'>aedificatio-</span> 
     </span>
     <span class='ocr_line' id='line_1_26' title="bbox 303 2612 1528 2694; baseline -0.002 -17"><span class='ocrx_word' id='word_1_223' title='bbox 303 2631 377 2677; x_wconf 91' lang='lat' dir='ltr'>nem</span> <span class='ocrx_word' id='word_1_224' title='bbox 393 2613 576 2678; x_wconf 88' lang='lat' dir='ltr'>adhibeant.</span> <span class='ocrx_word' id='word_1_225' title='bbox 611 2614 713 2689; x_wconf 80' lang='lat' dir='ltr'>Quem</span> <span class='ocrx_word' id='word_1_226' title='bbox 727 2614 760 2676; x_wconf 90' lang='lat' dir='ltr'>in</span> <span class='ocrx_word' id='word_1_227' title='bbox 775 2612 871 2678; x_wconf 90' lang='lat' dir='ltr'>finem</span> <span class='ocrx_word' id='word_1_228' title='bbox 886 2613 953 2693; x_wconf 89' lang='lat' dir='ltr'>agit</span> <span class='ocrx_word' id='word_1_229' title='bbox 968 2613 1009 2676; x_wconf 93' lang='lat' dir='ltr'>de</span> <span class='ocrx_word' id='word_1_230' title='bbox 1024 2613 1253 2678; x_wconf 89' lang='lat' dir='ltr'>charismatum</span> <span class='ocrx_word' id='word_1_231' title='bbox 1269 2614 1406 2694; x_wconf 89' lang='lat' dir='ltr'>origine,</span> <span class='ocrx_word' id='word_1_232' title='bbox 1434 2613 1528 2678; x_wconf 88' lang='lat' dir='ltr'>desti-</span> 
     </span>
     <span class='ocr_line' id='line_1_27' title="bbox 303 2698 1528 2778; baseline -0.001 -16"><span class='ocrx_word' id='word_1_233' title='bbox 303 2698 432 2763; x_wconf 87' lang='lat' dir='ltr'>natione</span> <span class='ocrx_word' id='word_1_234' title='bbox 455 2702 488 2763; x_wconf 90' lang='lat' dir='ltr'>et</span> <span class='ocrx_word' id='word_1_235' title='bbox 507 2703 620 2763; x_wconf 89' lang='lat' dir='ltr'>mutua</span> <span class='ocrx_word' id='word_1_236' title='bbox 638 2698 794 2763; x_wconf 90' lang='lat' dir='ltr'>relatione</span> <span class='ocrx_word' id='word_1_237' title='bbox 821 2699 877 2776; x_wconf 77' lang='lat'>12,</span> <span class='ocrx_word' id='word_1_238' title='bbox 903 2698 1032 2776; x_wconf 86' lang='lat'>1-31.;</span> <span class='ocrx_word' id='word_1_239' title='bbox 1058 2699 1214 2778; x_wconf 88' lang='lat' dir='ltr'>ostendit,</span> <span class='ocrx_word' id='word_1_240' title='bbox 1239 2700 1354 2763; x_wconf 92' lang='lat' dir='ltr'>horum</span> <span class='ocrx_word' id='word_1_241' title='bbox 1375 2699 1528 2763; x_wconf 88' lang='lat' dir='ltr'>donorum</span> 
     </span>
     <span class='ocr_line' id='line_1_28' title="bbox 304 2781 1528 2866; baseline -0.002 -18"><span class='ocrx_word' id='word_1_242' title='bbox 304 2801 464 2848; x_wconf 91' lang='lat' dir='ltr'>summum</span> <span class='ocrx_word' id='word_1_243' title='bbox 478 2783 614 2866; x_wconf 91' lang='lat' dir='ltr'>gradum</span> <span class='ocrx_word' id='word_1_244' title='bbox 630 2784 715 2848; x_wconf 92' lang='lat' dir='ltr'>omni</span> <span class='ocrx_word' id='word_1_245' title='bbox 728 2785 834 2864; x_wconf 92' lang='lat' dir='ltr'>pretio</span> <span class='ocrx_word' id='word_1_246' title='bbox 851 2802 960 2849; x_wconf 90' lang='lat' dir='ltr'>carere</span> <span class='ocrx_word' id='word_1_247' title='bbox 979 2783 1101 2864; x_wconf 89' lang='lat' dir='ltr'>absque</span> <span class='ocrx_word' id='word_1_248' title='bbox 1123 2784 1294 2862; x_wconf 87' lang='lat' dir='ltr'>charitate,</span> <span class='ocrx_word' id='word_1_249' title='bbox 1321 2781 1410 2848; x_wconf 87' lang='lat' dir='ltr'>fonte</span> <span class='ocrx_word' id='word_1_250' title='bbox 1430 2783 1528 2848; x_wconf 89' lang='lat' dir='ltr'>omnis</span> 
     </span>
     <span class='ocr_line' id='line_1_29' title="bbox 303 2867 1530 2950; baseline 0 -18"><span class='ocrx_word' id='word_1_251' title='bbox 303 2867 378 2933; x_wconf 89' lang='lat' dir='ltr'>boni</span> <span class='ocrx_word' id='word_1_252' title='bbox 394 2873 426 2933; x_wconf 92' lang='lat' dir='ltr'>et</span> <span class='ocrx_word' id='word_1_253' title='bbox 440 2870 574 2948; x_wconf 90' lang='lat' dir='ltr'>virtute,</span> <span class='ocrx_word' id='word_1_254' title='bbox 602 2887 685 2950; x_wconf 93' lang='lat' dir='ltr'>quae</span> <span class='ocrx_word' id='word_1_255' title='bbox 701 2868 901 2934; x_wconf 89' lang='lat' dir='ltr'>cessantibus</span> <span class='ocrx_word' id='word_1_256' title='bbox 917 2869 1038 2932; x_wconf 89' lang='lat' dir='ltr'>cunctis</span> <span class='ocrx_word' id='word_1_257' title='bbox 1061 2868 1307 2933; x_wconf 85' lang='lat' dir='ltr'>charismatibus</span> <span class='ocrx_word' id='word_1_258' title='bbox 1328 2873 1530 2950; x_wconf 92' lang='lat' dir='ltr'>permaneat;</span> 
     </span>
     <span class='ocr_line' id='line_1_30' title="bbox 303 2954 1530 3035; baseline -0.002 -17"><span class='ocrx_word' id='word_1_259' title='bbox 303 2973 404 3035; x_wconf 89' lang='lat' dir='ltr'>quare</span> <span class='ocrx_word' id='word_1_260' title='bbox 419 2959 455 3018; x_wconf 92' lang='lat' dir='ltr'>ut</span> <span class='ocrx_word' id='word_1_261' title='bbox 470 2955 621 3019; x_wconf 89' lang='lat' dir='ltr'>charitati</span> <span class='ocrx_word' id='word_1_262' title='bbox 634 2954 781 3034; x_wconf 91' lang='lat' dir='ltr'>inprimis</span> <span class='ocrx_word' id='word_1_263' title='bbox 796 2954 963 3032; x_wconf 88' lang='lat' dir='ltr'>studeant,</span> <span class='ocrx_word' id='word_1_264' title='bbox 990 2958 1113 3031; x_wconf 91' lang='lat' dir='ltr'>monet,</span> <span class='ocrx_word' id='word_1_265' title='bbox 1140 2955 1198 3018; x_wconf 91' lang='lat' dir='ltr'>sed</span> <span class='ocrx_word' id='word_1_266' title='bbox 1216 2955 1314 3019; x_wconf 91' lang='lat' dir='ltr'>etiam</span> <span class='ocrx_word' id='word_1_267' title='bbox 1337 2954 1530 3017; x_wconf 88' lang='lat' dir='ltr'>charismata</span> 
     </span>
     <span class='ocr_line' id='line_1_31' title="bbox 303 3037 1529 3121; baseline -0.002 -17"><span class='ocrx_word' id='word_1_268' title='bbox 303 3040 411 3121; x_wconf 87' lang='lat' dir='ltr'>magni</span> <span class='ocrx_word' id='word_1_269' title='bbox 432 3037 552 3104; x_wconf 88' lang='lat' dir='ltr'>faciant</span> <span class='ocrx_word' id='word_1_270' title='bbox 568 3041 622 3118; x_wconf 76' lang='grc'>13,</span> <span class='ocrx_word' id='word_1_271' title='bbox 640 3041 757 3118; x_wconf 87' lang='grc'>1-14,</span> <span class='ocrx_word' id='word_1_272' title='bbox 776 3040 803 3101; x_wconf 91' lang='grc'>1.</span> <span class='ocrx_word' id='word_1_273' title='bbox 838 3039 927 3102; x_wconf 87' lang='grc'>11161</span> <span class='ocrx_word' id='word_1_274' title='bbox 940 3039 1020 3103; x_wconf 89' lang='lat' dir='ltr'>haec</span> <span class='ocrx_word' id='word_1_275' title='bbox 1034 3039 1237 3119; x_wconf 90' lang='lat' dir='ltr'>prophetiam</span> <span class='ocrx_word' id='word_1_276' title='bbox 1252 3040 1335 3105; x_wconf 89' lang='lat' dir='ltr'>dono</span> <span class='ocrx_word' id='word_1_277' title='bbox 1350 3039 1529 3120; x_wconf 85' lang='lat' dir='ltr'>linguarum</span> 
     </span>
     <span class='ocr_line' id='line_1_32' title="bbox 303 3121 1529 3206; baseline -0.001 -18"><span class='ocrx_word' id='word_1_278' title='bbox 303 3123 454 3206; x_wconf 90' lang='lat' dir='ltr'>praefert,</span> <span class='ocrx_word' id='word_1_279' title='bbox 471 3144 569 3206; x_wconf 89' lang='lat' dir='ltr'>quum</span> <span class='ocrx_word' id='word_1_280' title='bbox 584 3125 639 3189; x_wconf 90' lang='lat' dir='ltr'>illa</span> <span class='ocrx_word' id='word_1_281' title='bbox 654 3125 696 3193; x_wconf 89' lang='lat' dir='ltr'>ad</span> <span class='ocrx_word' id='word_1_282' title='bbox 711 3122 943 3188; x_wconf 87' lang='lat' dir='ltr'>aedificationis</span> <span class='ocrx_word' id='word_1_283' title='bbox 958 3121 1053 3187; x_wconf 89' lang='lat' dir='ltr'>finem</span> <span class='ocrx_word' id='word_1_284' title='bbox 1068 3125 1317 3204; x_wconf 92' lang='lat' dir='ltr'>promovendum</span> <span class='ocrx_word' id='word_1_285' title='bbox 1330 3124 1371 3187; x_wconf 94' lang='lat' dir='ltr'>ab</span> <span class='ocrx_word' id='word_1_286' title='bbox 1384 3125 1529 3189; x_wconf 91' lang='lat' dir='ltr'>omnibus</span> 
     </span>
     <span class='ocr_line' id='line_1_33' title="bbox 302 3209 1529 3291; baseline -0.002 -17"><span class='ocrx_word' id='word_1_287' title='bbox 302 3210 518 3291; x_wconf 88' lang='lat' dir='ltr'>intelligatur,</span> <span class='ocrx_word' id='word_1_288' title='bbox 551 3210 611 3275; x_wconf 92' lang='lat' dir='ltr'>hoc</span> <span class='ocrx_word' id='word_1_289' title='bbox 643 3215 753 3274; x_wconf 90' lang='lat' dir='ltr'>autem</span> <span class='ocrx_word' id='word_1_290' title='bbox 777 3209 1044 3288; x_wconf 89' lang='lat' dir='ltr'>interpretatione</span> <span class='ocrx_word' id='word_1_291' title='bbox 1074 3228 1155 3289; x_wconf 91' lang='lat' dir='ltr'>opus</span> <span class='ocrx_word' id='word_1_292' title='bbox 1177 3209 1295 3275; x_wconf 92' lang='lat' dir='ltr'>habeat</span> <span class='ocrx_word' id='word_1_293' title='bbox 1323 3210 1379 3288; x_wconf 83' lang='lat'>14,</span> <span class='ocrx_word' id='word_1_294' title='bbox 1409 3210 1529 3273; x_wconf 79' lang='lat'>1—26.</span> 
     </span>
     <span class='ocr_line' id='line_1_34' title="bbox 303 3293 1530 3376; baseline -0.002 -16"><span class='ocrx_word' id='word_1_295' title='bbox 303 3295 467 3376; x_wconf 88' lang='lat' dir='ltr'>Praecipit</span> <span class='ocrx_word' id='word_1_296' title='bbox 488 3295 615 3375; x_wconf 87' lang='lat' dir='ltr'>itaque,</span> <span class='ocrx_word' id='word_1_297' title='bbox 642 3313 682 3358; x_wconf 92' lang='grc'>16</span> <span class='ocrx_word' id='word_1_298' title='bbox 703 3296 736 3358; x_wconf 85' lang='grc'>11</span> <span class='ocrx_word' id='word_1_299' title='bbox 759 3293 967 3358; x_wconf 90' lang='lat' dir='ltr'>conventibus</span> <span class='ocrx_word' id='word_1_300' title='bbox 990 3293 1091 3360; x_wconf 91' lang='grc'>666116</span> <span class='ocrx_word' id='word_1_301' title='bbox 1112 3294 1230 3375; x_wconf 90' lang='lat' dir='ltr'>linguis</span> <span class='ocrx_word' id='word_1_302' title='bbox 1255 3295 1446 3374; x_wconf 89' lang='lat' dir='ltr'>loquantur,</span> <span class='ocrx_word' id='word_1_303' title='bbox 1472 3295 1530 3358; x_wconf 92' lang='lat' dir='ltr'>nisi</span> 
     </span>
     <span class='ocr_line' id='line_1_35' title="bbox 304 3378 1531 3461; baseline -0.002 -17"><span class='ocrx_word' id='word_1_304' title='bbox 304 3381 390 3445; x_wconf 91' lang='lat' dir='ltr'>adsit</span> <span class='ocrx_word' id='word_1_305' title='bbox 404 3381 579 3461; x_wconf 76' lang='lat' dir='ltr'>interpreS,</span> <span class='ocrx_word' id='word_1_306' title='bbox 606 3379 789 3444; x_wconf 89' lang='lat' dir='ltr'>ordinatum</span> <span class='ocrx_word' id='word_1_307' title='bbox 803 3379 906 3458; x_wconf 91' lang='lat' dir='ltr'>ipsius</span> <span class='ocrx_word' id='word_1_308' title='bbox 921 3378 1110 3460; x_wconf 89' lang='lat' dir='ltr'>prophetiae</span> <span class='ocrx_word' id='word_1_309' title='bbox 1126 3397 1220 3443; x_wconf 87' lang='lat' dir='ltr'>usum</span> <span class='ocrx_word' id='word_1_310' title='bbox 1234 3387 1342 3459; x_wconf 89' lang='lat' dir='ltr'>urget,</span> <span class='ocrx_word' id='word_1_311' title='bbox 1371 3380 1478 3444; x_wconf 89' lang='lat' dir='ltr'>omnia</span> <span class='ocrx_word' id='word_1_312' title='bbox 1496 3399 1531 3444; x_wconf 87' lang='grc'>611</span> 
     </span>
     <span class='ocr_line' id='line_1_36' title="bbox 304 3464 1453 3542; baseline -0.002 -12"><span class='ocrx_word' id='word_1_313' title='bbox 304 3465 415 3531; x_wconf 92' lang='lat' dir='ltr'>ordine</span> <span class='ocrx_word' id='word_1_314' title='bbox 430 3466 500 3531; x_wconf 89' lang='lat' dir='ltr'>fieri</span> <span class='ocrx_word' id='word_1_315' title='bbox 516 3473 548 3530; x_wconf 91' lang='lat' dir='ltr'>et</span> <span class='ocrx_word' id='word_1_316' title='bbox 563 3465 696 3531; x_wconf 88' lang='lat' dir='ltr'>feminas</span> <span class='ocrx_word' id='word_1_317' title='bbox 712 3464 744 3527; x_wconf 91' lang='grc'>11</span> <span class='ocrx_word' id='word_1_318' title='bbox 760 3469 917 3528; x_wconf 89' lang='lat' dir='ltr'>conventu</span> <span class='ocrx_word' id='word_1_319' title='bbox 933 3483 1024 3529; x_wconf 88' lang='lat' dir='ltr'>sacro</span> <span class='ocrx_word' id='word_1_320' title='bbox 1040 3470 1148 3529; x_wconf 90' lang='lat' dir='ltr'>tacere</span> <span class='ocrx_word' id='word_1_321' title='bbox 1163 3464 1232 3527; x_wconf 90' lang='lat' dir='ltr'>vult</span> <span class='ocrx_word' id='word_1_322' title='bbox 1248 3466 1297 3542; x_wconf 82' lang='grc'>14,</span> <span class='ocrx_word' id='word_1_323' title='bbox 1311 3464 1453 3528; x_wconf 73' lang='lat' dir='ltr'>&#39;rt-40.</span> 
     </span>
    </p>

    <p class='ocr_par' dir='ltr' id='par_1_5' title="bbox 304 3547 1533 4313">
     <span class='ocr_line' id='line_1_37' title="bbox 391 3547 1531 3634; baseline -0.001 -21"><span class='ocrx_word' id='word_1_324' title='bbox 391 3548 426 3634; x_wconf 83' lang='lat' dir='ltr'>d)</span> <span class='ocrx_word' id='word_1_325' title='bbox 451 3551 500 3614; x_wconf 85' lang='lat' dir='ltr'>Dc</span> <span class='ocrx_word' id='word_1_326' title='bbox 515 3563 704 3614; x_wconf 82' lang='lat' dir='ltr'>mortuorum</span> <span class='ocrx_word' id='word_1_327' title='bbox 717 3551 941 3614; x_wconf 74' lang='lat' dir='ltr'>resurrectione</span> <span class='ocrx_word' id='word_1_328' title='bbox 956 3551 1040 3630; x_wconf 84' lang='lat' dir='ltr'>agit,</span> <span class='ocrx_word' id='word_1_329' title='bbox 1067 3568 1163 3629; x_wconf 89' lang='lat' dir='ltr'>quam</span> <span class='ocrx_word' id='word_1_330' title='bbox 1179 3547 1302 3614; x_wconf 83' lang='lat' dir='ltr'>efacta</span> <span class='ocrx_word' id='word_1_331' title='bbox 1325 3549 1531 3613; x_wconf 85' lang='lat' dir='ltr'>resurrectio-</span> 
     </span>
     <span class='ocr_line' id='line_1_38' title="bbox 304 3633 1532 3701; baseline -0.003 -1"><span class='ocrx_word' id='word_1_332' title='bbox 304 3635 354 3700; x_wconf 92' lang='lat' dir='ltr'>nis</span> <span class='ocrx_word' id='word_1_333' title='bbox 370 3635 490 3700; x_wconf 85' lang='lat' dir='ltr'>Christi</span> <span class='ocrx_word' id='word_1_334' title='bbox 505 3641 625 3701; x_wconf 88' lang='lat' dir='ltr'>certam</span> <span class='ocrx_word' id='word_1_335' title='bbox 641 3640 673 3700; x_wconf 91' lang='lat' dir='ltr'>et</span> <span class='ocrx_word' id='word_1_336' title='bbox 688 3634 764 3700; x_wconf 92' lang='lat' dir='ltr'>fidei</span> <span class='ocrx_word' id='word_1_337' title='bbox 778 3653 816 3699; x_wconf 90' lang='lat' dir='ltr'>ac</span> <span class='ocrx_word' id='word_1_338' title='bbox 831 3635 944 3698; x_wconf 92' lang='lat' dir='ltr'>salutis</span> <span class='ocrx_word' id='word_1_339' title='bbox 959 3639 1088 3699; x_wconf 89' lang='lat' dir='ltr'>nostrae</span> <span class='ocrx_word' id='word_1_340' title='bbox 1102 3633 1344 3698; x_wconf 90' lang='lat' dir='ltr'>fundamentum</span> <span class='ocrx_word' id='word_1_341' title='bbox 1357 3651 1428 3698; x_wconf 88' lang='lat' dir='ltr'>esse</span> <span class='ocrx_word' id='word_1_342' title='bbox 1441 3634 1532 3698; x_wconf 88' lang='lat' dir='ltr'>docet</span> 
     </span>
     <span class='ocr_line' id='line_1_39' title="bbox 307 3717 1531 3802; baseline -0.001 -19"><span class='ocrx_word' id='word_1_343' title='bbox 307 3722 357 3799; x_wconf 80' lang='lat'>15,</span> <span class='ocrx_word' id='word_1_344' title='bbox 375 3722 501 3800; x_wconf 78' lang='lat'>1—22.;</span> <span class='ocrx_word' id='word_1_345' title='bbox 516 3722 557 3786; x_wconf 91' lang='lat' dir='ltr'>de</span> <span class='ocrx_word' id='word_1_346' title='bbox 571 3722 720 3802; x_wconf 89' lang='lat' dir='ltr'>glorioso,</span> <span class='ocrx_word' id='word_1_347' title='bbox 735 3720 776 3783; x_wconf 89' lang='lat' dir='ltr'>ab</span> <span class='ocrx_word' id='word_1_348' title='bbox 792 3719 939 3784; x_wconf 88' lang='lat' dir='ltr'>omnibus</span> <span class='ocrx_word' id='word_1_349' title='bbox 954 3719 1163 3784; x_wconf 90' lang='lat' dir='ltr'>terrestribus</span> <span class='ocrx_word' id='word_1_350' title='bbox 1177 3717 1418 3783; x_wconf 90' lang='lat' dir='ltr'>infirmitatibus</span> <span class='ocrx_word' id='word_1_351' title='bbox 1433 3718 1531 3783; x_wconf 89' lang='lat' dir='ltr'>libero</span> 
     </span>
     <span class='ocr_line' id='line_1_40' title="bbox 306 3804 1532 3886; baseline -0.002 -17"><span class='ocrx_word' id='word_1_352' title='bbox 306 3809 395 3869; x_wconf 89' lang='lat' dir='ltr'>statu</span> <span class='ocrx_word' id='word_1_353' title='bbox 411 3807 552 3886; x_wconf 87' lang='lat' dir='ltr'>corporis</span> <span class='ocrx_word' id='word_1_354' title='bbox 567 3806 753 3870; x_wconf 87' lang='lat' dir='ltr'>resuscitati</span> <span class='ocrx_word' id='word_1_355' title='bbox 767 3806 913 3883; x_wconf 88' lang='lat' dir='ltr'>disserit,</span> <span class='ocrx_word' id='word_1_356' title='bbox 938 3808 970 3868; x_wconf 94' lang='lat' dir='ltr'>et</span> <span class='ocrx_word' id='word_1_357' title='bbox 986 3805 1119 3869; x_wconf 91' lang='lat' dir='ltr'>eandem</span> <span class='ocrx_word' id='word_1_358' title='bbox 1135 3804 1347 3869; x_wconf 90' lang='lat' dir='ltr'>conditionem</span> <span class='ocrx_word' id='word_1_359' title='bbox 1363 3822 1532 3884; x_wconf 89' lang='lat' dir='ltr'>corporum</span> 
     </span>
     <span class='ocr_line' id='line_1_41' title="bbox 305 3889 1531 3970; baseline -0.002 -17"><span class='ocrx_word' id='word_1_360' title='bbox 305 3889 546 3956; x_wconf 90' lang='lat' dir='ltr'>immutatorum</span> <span class='ocrx_word' id='word_1_361' title='bbox 560 3893 601 3955; x_wconf 92' lang='grc'>116</span> <span class='ocrx_word' id='word_1_362' title='bbox 618 3891 808 3956; x_wconf 89' lang='lat' dir='ltr'>Christianis</span> <span class='ocrx_word' id='word_1_363' title='bbox 823 3890 992 3970; x_wconf 90' lang='lat' dir='ltr'>promittit,</span> <span class='ocrx_word' id='word_1_364' title='bbox 1009 3890 1064 3969; x_wconf 95' lang='lat' dir='ltr'>qui</span> <span class='ocrx_word' id='word_1_365' title='bbox 1080 3890 1269 3953; x_wconf 89' lang='lat' dir='ltr'>adveniente</span> <span class='ocrx_word' id='word_1_366' title='bbox 1282 3889 1410 3953; x_wconf 91' lang='lat' dir='ltr'>Christo</span> <span class='ocrx_word' id='word_1_367' title='bbox 1423 3907 1531 3969; x_wconf 91' lang='lat' dir='ltr'>super-</span> 
     </span>
     <span class='ocr_line' id='line_1_42' title="bbox 307 3973 1532 4055; baseline -0.002 -16"><span class='ocrx_word' id='word_1_368' title='bbox 307 3975 401 4040; x_wconf 90' lang='lat' dir='ltr'>stites</span> <span class='ocrx_word' id='word_1_369' title='bbox 416 3974 535 4040; x_wconf 87' lang='grc'>11161111</span> <span class='ocrx_word' id='word_1_370' title='bbox 553 3975 600 4055; x_wconf 82' lang='grc'>15,</span> <span class='ocrx_word' id='word_1_371' title='bbox 617 3977 753 4042; x_wconf 54' lang='lat' dir='ltr'>arr-52.</span> <span class='ocrx_word' id='word_1_372' title='bbox 769 4011 811 4020; x_wconf 84' lang='lat'>-</span> <span class='ocrx_word' id='word_1_373' title='bbox 825 3975 999 4038; x_wconf 88' lang='lat' dir='ltr'>Adduntur</span> <span class='ocrx_word' id='word_1_374' title='bbox 1012 3975 1143 4038; x_wconf 88' lang='lat' dir='ltr'>tandem</span> <span class='ocrx_word' id='word_1_375' title='bbox 1157 3976 1276 4038; x_wconf 75' lang='lat' dir='ltr'>monita</span> <span class='ocrx_word' id='word_1_376' title='bbox 1291 3975 1332 4039; x_wconf 94' lang='lat' dir='ltr'>de</span> <span class='ocrx_word' id='word_1_377' title='bbox 1347 3973 1532 4055; x_wconf 90' lang='lat' dir='ltr'>colligendis</span> 
     </span>
     <span class='ocr_line' id='line_1_43' title="bbox 308 4059 1533 4143; baseline -0.004 -18"><span class='ocrx_word' id='word_1_378' title='bbox 308 4060 516 4142; x_wconf 84' lang='lat' dir='ltr'>eleemosynis</span> <span class='ocrx_word' id='word_1_379' title='bbox 530 4062 713 4143; x_wconf 88' lang='lat' dir='ltr'>ingratiam</span> <span class='ocrx_word' id='word_1_380' title='bbox 726 4061 980 4126; x_wconf 87' lang='lat' dir='ltr'>Christianorum</span> <span class='ocrx_word' id='word_1_381' title='bbox 991 4059 1355 4140; x_wconf 87' lang='lat' dir='ltr'>Hierosolymitauorum</span> <span class='ocrx_word' id='word_1_382' title='bbox 1369 4060 1419 4137; x_wconf 91' lang='grc'>16,</span> <span class='ocrx_word' id='word_1_383' title='bbox 1433 4059 1533 4136; x_wconf 78' lang='grc'>1-4,</span> 
     </span>
     <span class='ocr_line' id='line_1_44' title="bbox 306 4144 1532 4232; baseline -0.004 -21"><span class='ocrx_word' id='word_1_384' title='bbox 306 4146 441 4212; x_wconf 84' lang='grc'>16111166</span> <span class='ocrx_word' id='word_1_385' title='bbox 456 4148 499 4232; x_wconf 88' lang='lat' dir='ltr'>de</span> <span class='ocrx_word' id='word_1_386' title='bbox 511 4147 679 4212; x_wconf 90' lang='lat' dir='ltr'>itineribus</span> <span class='ocrx_word' id='word_1_387' title='bbox 694 4146 841 4228; x_wconf 82' lang='lat' dir='ltr'>Apostoh</span> <span class='ocrx_word' id='word_1_388' title='bbox 860 4145 1012 4227; x_wconf 87' lang='lat' dir='ltr'>proximis</span> <span class='ocrx_word' id='word_1_389' title='bbox 1033 4147 1083 4224; x_wconf 83' lang='lat'>16,</span> <span class='ocrx_word' id='word_1_390' title='bbox 1106 4144 1209 4223; x_wconf 84' lang='grc'>5-8,</span> <span class='ocrx_word' id='word_1_391' title='bbox 1233 4144 1532 4220; x_wconf 71' lang='lat' dir='ltr'>commendationes</span> 
     </span>
     <span class='ocr_line' id='line_1_45' title="bbox 307 4230 1214 4313; baseline -0.003 -17"><span class='ocrx_word' id='word_1_392' title='bbox 307 4231 518 4297; x_wconf 90' lang='lat' dir='ltr'>salutationes</span> <span class='ocrx_word' id='word_1_393' title='bbox 533 4239 566 4298; x_wconf 91' lang='grc'>61</span> <span class='ocrx_word' id='word_1_394' title='bbox 579 4232 759 4298; x_wconf 90' lang='lat' dir='ltr'>faustorum</span> <span class='ocrx_word' id='word_1_395' title='bbox 774 4230 1017 4313; x_wconf 86' lang='lat' dir='ltr'>apprecationes</span> <span class='ocrx_word' id='word_1_396' title='bbox 1034 4231 1083 4308; x_wconf 84' lang='grc'>16,</span> <span class='ocrx_word' id='word_1_397' title='bbox 1100 4230 1214 4294; x_wconf 84' lang='grc'><strong>9-24.</strong></span> 
     </span>
    </p>
   </div>
   <div class='ocr_carea' id='block_1_4' title="bbox 0 0 1697 5156">
    <p class='ocr_par' dir='ltr' id='par_1_6' title="bbox 0 0 1697 5156">
     <span class='ocr_line' id='line_1_46' title="bbox 0 0 1697 5156; baseline 0 0"><span class='ocrx_word' id='word_1_398' title='bbox 0 0 1697 5156; x_wconf 95' lang='lat' dir='ltr'> </span> 
     </span>
    </p>
   </div>
  </div>
 </body>
</html>
