3314 5166
756 265 1040 332 -152-

839 485 867 568 ἓ.
890 487 961 554 104.

457 624 605 690 Apostoli
626 622 656 690 3)
668 634 779 675 severo
792 623 1021 677 examinarunt
1033 637 1081 686 sa,
1095 639 1176 687 quas
1188 627 1342 713 referunt.

373 779 545 864 Apostolos
560 776 660 844 fuisse
674 783 816 846 attentos
831 778 1008 859 adomnia,
1031 797 1115 861 quae
1130 777 1277 846 Christus
1300 780 1410 846 docuit
1422 779 1533 846 fecit·-

290 888 362 953 que,
378 872 411 935 et
422 884 505 949 quae
519 863 618 930 subiit
630 862 709 947 fata,
724 865 843 947 partim
854 865 922 948 jam
937 883 976 931 ex
989 866 1256 947 praecedentibus
1268 865 1381 948 clucet,
1395 867 1517 950 partim

292 975 309 1022 e
325 950 533 1038 sequentibus
547 949 689 1033 patebit:

285 1082 287 1087 -
376 1041 405 1104 1.
427 1038 524 1102 Ratio
540 1049 568 1100 et
582 1049 700 1099 actara
713 1038 861 1116 musach,
876 1037 963 1117 quod
978 1034 1136 1102 aOhristo
1149 1037 1255 1103 vocati
1269 1037 1302 1102 in
1317 1057 1351 1104 se
1367 1055 1518 1119 suscepe-

290 1131 381 1206 runt,
407 1143 470 1189 non
491 1119 654 1206 permisit,
680 1126 718 1186 ut
739 1121 937 1204 negligentes
960 1127 1067 1188 essent
1088 1122 1121 1186 in
1135 1122 1216 1188 lesu
1237 1124 1396 1204 doctrina,
1421 1121 1518 1190 factis

289 1213 430 1293 fatisque
446 1207 681 1291 cognoscendis
704 1206 810 1272 Probe
822 1207 905 1273 enim
920 1207 1072 1288 sciebant,
1088 1225 1123 1273 se
1138 1209 1228 1273 adid
1242 1210 1420 1275 destinatos
1435 1227 1518 1288 esse,

291 1304 328 1363 ut
343 1300 451 1363 essent
465 1293 514 1360 sal
528 1298 648 1373 terrae,
663 1293 718 1357 lux
732 1293 857 1372 mundi;
880 1298 917 1359 ut
931 1292 1083 1358 docerent
1098 1313 1207 1360 omnes
1221 1299 1347 1377 gentas,
1363 1299 1400 1358 ut
1414 1298 1519 1360 testes

292 1379 815 1548 {tellitt‘thtttllflltt
830 1379 938 1548 ‘1¹⁰9‘
953 1377 1323 1547 cccccccccc·
1339 1380 1518 1546 {liiii}

294 1520 390 1620 diina
404 1550 472 1618 fere
487 1550 684 1616 docebantur
699 1550 903 1632 experientia,
918 1569 981 1615 non
995 1569 1115 1631 paucos
1131 1569 1202 1617 esse
1218 1518 1336 1632 eosqcic
1350 1551 1521 1617 vehemen-

293 1640 435 1705 tissimos
452 1636 571 1703 Christi
586 1635 803 1717 adversarios,
827 1635 882 1718 qui
905 1641 1019 1702 cuncta
1034 1637 1102 1718 ejus
1118 1637 1204 1701 dicta
1218 1636 1367 1719 factaque
1389 1636 1521 1702 sinistre

158 1802 160 1807 ¹
293 1723 500 1805 interpretari
525 1722 707 1802 studerent,
738 1727 771 1788 et
796 1739 859 1786 non
884 1725 1010 1787 tantum
1036 1721 1261 1788 miraculorum
1286 1723 1355 1804 ejus
1379 1722 1522 1787 indolem

294 1808 571 1892 supernaturalem
599 1826 737 1890 negare,
774 1807 833 1874 scd
861 1807 965 1889 ipsam
994 1826 1121 1889 quoque
1156 1806 1314 1874 factorum
1350 1807 1523 1874 veritatem

295 1900 479 1978 suspectam
501 1893 637 1960 reddere
660 1898 851 1960 conarentur
874 1892 916 1974 (v.
931 1912 960 1975 g.
977 1893 1033 1958 Mt.
1050 1894 1080 1973 9,
1096 1893 1189 1958 2-6,
1223 1893 1272 1960 lo.
1288 1894 1318 1974 2,
1335 1895 1384 1958 19.
1408 1893 1478 1959 coll.
1495 1910 1522 1958 c.

295 1983 352 2048 Mt.
368 1982 420 2062 26,
436 1981 487 2045 61.
503 1984 536 2046 et
551 1980 610 2045 Mr.
628 1979 677 2059 14,
692 1979 760 2059 58.;
777 1978 833 2043 Mt.
850 1979 879 2059 9,
896 1979 945 2042 10.
962 1997 1049 2060 seqq.
1065 1984 1099 2044 et
1114 1979 1165 2059 12,
1182 1981 1331 2061 l.·seqq.;
1351 1980 1408 2046 Mt.
1425 1980 1455 2059 9,
1470 1979 1523 2044 34.

296 2074 329 2134 et
345 2068 395 2147 12,
411 2065 564 2145 22-24.;
587 2065 644 2129 Mt.
663 2065 712 2146 12,
728 2065 778 2129 38.
803 2069 836 2129 et
856 2063 905 2129 Jo.
922 2065 951 2144 6,
967 2065 1035 2143 30.;
1060 2064 1223 2145 Jo.9,13.
1242 2066 1355 2148 seqq).
1400 2064 1525 2142 Quodsi

294 2155 405 2234 itaque
420 2150 568 2233 Apostoli
590 2170 653 2215 non
666 2149 819 2214 levissimi
841 2149 938 2214 animi
960 2153 1051 2214 erant
1064 2149 1223 2231 homines,
1247 2151 1525 2233 diligentissimam

297 2237 507 2303 attentionem
523 2239 556 2300 et
571 2253 717 2300 severum
729 2235 884 2316 judicium
898 2235 1051 2300 adhibere
1067 2236 1227 2302 debebant
1242 2237 1284 2302 ad
1299 2237 1417 2316 omnia,
1439 2255 1525 2317 quae

297 2324 360 2390 sibi
374 2321 590 2403 praedicanda
604 2319 672 2385 fore
688 2320 846 2400 sciebant,
862 2325 950 2386 recte
965 2322 1199 2404 cognoscenda,
1216 2327 1253 2386 ut
1268 2321 1526 2388 carihationibus

297 2413 330 2474 et
346 2407 485 2474 sinistris
500 2406 666 2472 sententiis
682 2405 938 2471 adversariorum
951 2407 1162 2488 reprimendis
1176 2408 1283 2473 idonei
1298 2414 1414 2474 essent.

381 2494 411 2558 2.
427 2492 608 2556 Diuturnae
622 2491 776 2576 ejusmodi
788 2493 968 2555 attentionis
980 2506 1008 2556 ct
1023 2507 1188 2557 accuratae
1200 2495 1381 2580 asportaberis
1395 2494 1528 2558 necessi-

296 2593 390 2644 tatem
411 2579 498 2662 ipsos
514 2578 605 2640 etiarn
621 2577 784 2661 Apostolos
803 2578 965 2662 opnooisse
973 2627 983 2659 ,
1007 2578 1092 2644 clare
1106 2583 1197 2661 patet
1212 2599 1250 2645 ex
1264 2579 1334 2644 Act.
1352 2579 1380 2659 1,
1396 2579 1448 2644 21.
1464 2579 1526 2659 22,

296 2664 353 2728 ubi
368 2664 400 2728 in
416 2663 494 2742 viro,
511 2662 566 2744 qui
580 2663 612 2726 in
626 2662 731 2728 locum
746 2662 766 2727 J
768 2664 851 2728 udae
866 2663 1039 2744 proditoris
1055 2664 1220 2746 eligendus
1236 2670 1330 2746 esset,
1345 2684 1425 2747 prae
1440 2670 1526 2731 cete·

298 2750 343 2815 ris
352 2750 392 2832 ¹id
406 2748 612 2830 requisivisse
626 2747 790 2830 leguntur,
816 2753 853 2813 ut
867 2768 887 2813 a
901 2749 1060 2830 baptismo
1076 2750 1209 2816 loannis
1229 2769 1332 2831 usque
1347 2752 1389 2815 ad
1405 2750 1527 2816 Christi

297 2837 330 2901 in
346 2834 451 2918 coelos
466 2835 684 2900 ascensionem
697 2835 792 2917 hujus
807 2834 904 2900 fuerit
919 2853 1033 2900 comes
1078 2836 1171 2913 Quod
1194 2841 1280 2902 certe
1294 2855 1357 2901 non
1372 2835 1469 2900 aliam
1484 2836 1525 2900 ob

298 2940 428 2988 causam
442 2920 659 3002 postularunt,
675 2920 737 2984 nisi
751 2920 828 3002 quia
841 2921 1120 3002 persuasissimum
1135 2920 1310 3002 habebant,
1327 2940 1412 3002 eum,
1429 2939 1526 3002 quem

297 3026 406 3073 secum
428 3007 608 3086 doctrinae,
633 3004 791 3072 factorum
814 3012 847 3071 et
865 3005 1004 3072 fatorum
1026 3007 1106 3072 Jesu
1130 3011 1248 3072 testem
1272 3005 1343 3074 fieri
1365 3007 1525 3088 volebant,

297 3092 539 3159 accuratissima
552 3092 667 3157 horum
682 3093 861 3174 cognitione
876 3091 1033 3157 imbutum
1049 3111 1120 3160 esse
1135 3093 1261 3159 debere.
1511 3121 1513 3125 ·

381 3179 410 3242 3.
436 3176 662 3262 Oopnitioncm,
678 3200 772 3260 quam
787 3179 822 3240 in
837 3177 901 3240 alio
910 3178 1130 3262 postulabant,
1146 3178 1313 3263 Apostolos
1328 3178 1394 3242 sibi
1406 3200 1526 3262 quoque

300 3286 486 3349 comparare
498 3263 654 3326 studuisse
661 3311 671 3342 ,
686 3262 796 3343 plures
811 3262 927 3328 docent
940 3262 979 3327 N.
988 3263 1030 3328 ·Τ.
1046 3264 1115 3345 loci,
1131 3264 1164 3328 in
1179 3263 1295 3346 quibus
1311 3265 1443 3331 eosdem
1457 3269 1526 3328 tum

298 3350 409 3416 alesu
421 3347 664 3430 explicationem
679 3367 792 3430 rerum
802 3348 863 3413 sibi
874 3347 1094 3428 obscuriorum
1108 3349 1241 3432 petiisse
1255 3349 1391 3431 legimus
1406 3349 1458 3428 (ut
1469 3349 1524 3412 Mt.

299 3436 412 3518 13,10.
429 3433 659 3514 etMr.·4,10.;
676 3433 733 3498 Mt.
750 3434 800 3514 13,
812 3434 880 3514 36.;
896 3434 954 3498 Mr.
971 3435 1063 3516 9,10.
1080 3437 1129 3500 11.
1145 3435 1212 3516 28.;
1228 3436 1285 3500 Mt.
1303 3435 1416 3515 15,15.
1433 3434 1484 3514 24,
1496 3435 1523 3498 3.

250 3549 252 3556 c
299 3521 358 3586 Mr.
375 3521 424 3600 10,
441 3519 491 3585 10.
514 3520 564 3586 Jo.
581 3520 610 3600 9,
623 3521 652 3584 2.
670 3519 719 3600 14,
735 3519 811 3603 22),
826 3524 895 3585 tum
911 3520 1052 3586 severius
1063 3521 1220 3602 judicium
1235 3520 1420 3586 adhibuisse
1435 3537 1523 3601 repe·

228 3645 230 3652 ›
298 3607 398 3670 rimus
413 3604 485 3686 (Mt.
503 3606 552 3686 15,
571 3607 618 3670 12.
642 3606 692 3671 Jo.
709 3605 821 3686 16,18.
836 3607 887 3686 20,
902 3605 996 3670 4-8.
1012 3605 1063 3686 21,
1076 3605 1151 3689 20,).
1181 3606 1241 3670 His
1256 3607 1388 3688 adjungi
1403 3624 1522 3671 meren-

298 3697 354 3756 tur
366 3692 442 3756 Luc.
460 3693 488 3770 1,
505 3691 596 3756 1—4.
614 3697 646 3756 et
661 3692 710 3757 Jo.
728 3693 778 3772 19,
794 3693 844 3757 35.
860 3692 911 3772 21,
927 3692 995 3773 24.,
1020 3692 1077 3758 ubi
1092 3698 1240 3758 auctores
1254 3691 1430 3773 loquuntur
1444 3691 1521 3755 viro·

299 3795 372 3842 rum
386 3775 504 3857 instar,
529 3777 584 3858 qui
599 3777 799 3859 diligentiae,
824 3777 976 3843 examinis
991 3796 1028 3844 ac
1046 3778 1159 3860 judicii
1182 3777 1350 3844 severioris
1366 3776 1520 3852 derebus,

299 3880 381 3944 quas
396 3859 548 3942 referunt,
564 3881 585 3927 a
599 3880 634 3928 se
647 3863 789 3928 instituti
804 3863 866 3928 sibi
881 3862 998 3928 conscii
1013 3868 1095 3930 sunt.
1139 3864 1287 3946 Denique

384 3946 414 4011 4.
437 3948 586 4010 minimas
600 3947 765 4029 factorum
782 3951 1036 4012 circumstantias
1057 3973 1150 4034 saepe
1171 3952 1206 4012 in
1227 3949 1353 4032 scriptis
1368 3949 1436 4016 suis
1450 3966 1520 4008 com·

299 4047 492 4113 memorant,
516 4033 602 4114 quod
624 4033 748 4099 nonnisi
763 4053 887 4099 summa
902 4034 1079 4100 attentione
1093 4035 1126 4099 in
1142 4034 1359 4116 cognoscendo
1383 4029 1518 4097 adhibita

299 4119 370 4185 fieri
384 4119 506 4201 potuit;
529 4118 645 4185 etenim
661 4119 849 4186 observator
863 4119 967 4185 minus
983 4119 1118 4201 diligens
1133 4121 1184 4185 vix
1200 4124 1250 4185 tot
1262 4117 1364 4197 facta,
1381 4123 1414 4183 et
1428 4114 1517 4181 multo

300 4205 404 4271 minus
420 4210 469 4270 tot
485 4210 517 4271 et
532 4206 613 4272 adeo
630 4205 756 4271 diversa
767 4225 878 4272 eorum
893 4206 1045 4288 adjuncta
1059 4207 1231 4274 memoriae
1246 4204 1407 4287 mandare,
1424 4210 1456 4268 et
1468 4215 1519 4285 per

299 4292 428 4380 longam
443 4310 598 4358 annorum
613 4291 728 4358 seriem
744 4309 872 4360 servare
886 4295 1003 4376 potest.
