3428 5180
811 309 1266 382 —320-»ffl

891 569 919 652 s.
938 571 1011 635 211.

825 707 1069 768 Argumentum.

424 857 456 922 S.
476 861 589 924 Petrus
601 860 708 943 primo
773 859 798 921 it
813 856 851 921 de
876 855 1126 922 Ohm‘s'truuorum
1148 858 1244 942 <ptimo
1267 859 1347 920 uitae
1368 857 1559 920 sanctitatem

338 943 559 1008 studiosissime
574 943 715 1026 colendi,·
731 881 806 1008 (Zeis
822 942 916 1005 uitam
932 955 960 1006 et
981 942 1156 1006 doctrinam
1172 940 1454 1028 pseudodoctorum
1474 965 1560 1027 expo·

338 1032 385 1092 uit
399 1029 607 1114 damnatque5
634 1028 768 1112 denique
783 1040 967 1112 orpumeuta
986 1027 1105 1111 refutat
1126 1051 1224 1109 oona,
1251 1029 1363 1112 quibus
1386 1027 1562 1112 impostores

337 1114 392 1178 iiii
404 1117 547 1178 incautos
562 1113 708 1177 seducere
725 1113 924 1175 conabantur.
967 1111 1144 1193 Apostolus

423 1199 500 1281 Cap.
517 1201 544 1262 1.
574 1199 776 1279 provocando
792 1198 834 1262 ad
850 1216 903 1278 ea,
926 1217 1010 1279 quae
1024 1197 1113 1263 Deus
1127 1217 1186 1279 pro
1202 1197 1307 1262 salute
1324 1203 1438 1262 nostra
1461 1195 1563 1261 effecit

337 1291 370 1350 et
385 1286 427 1350 ad
441 1284 624 1366 praeclaras
635 1284 872 1364 promissiones,
888 1303 968 1364 quas
980 1283 1079 1362 dedit,
1094 1283 1230 1349 lectores
1242 1282 1360 1348 excitat
1371 1283 1413 1346 ad
1426 1281 1563 1346 omnium

336 1371 493 1447 virtutum
509 1369 709 1448 exercitium,
732 1369 774 1433 ad
790 1369 974 1433 continuum
988 1368 1174 1435 electionem
1190 1387 1281 1432 suam
1299 1366 1391 1432 bonis
1413 1366 1564 1448 operibus

337 1456 506 1520 certiorem
522 1454 676 1519 reddendi
693 1453 843 1532 studium,
860 1460 897 1518 ut
910 1455 1044 1519 introitu
1058 1454 1091 1517 in
1106 1453 1279 1535 gloriosum
1296 1451 1416 1517 Christi
1430 1470 1564 1533 regnum

337 1540 425 1621 digni
448 1540 601 1618 evadant;
626 1539 711 1604 hunc
733 1558 843 1603 eorum
864 1538 959 1604 finem
981 1539 1150 1604 sublimem
1173 1557 1218 1616 se¹
1232 1538 1278 1602 eis
1299 1537 1449 1604 continuo
1472 1543 1505 1602 et
1528 1555 1563 1602 eo

337 1625 496 1706 promtius
512 1625 544 1688 in
559 1623 745 1689 memoriam
759 1642 910 1690 revocare
925 1625 1018 1703 dicit,
1044 1643 1142 1705 quum
1157 1624 1198 1688 de
1212 1628 1316 1688 morte
1331 1641 1390 1687 sua
1405 1622 1498 1687 brevi
1518 1622 1562 1686 in·

336 1714 444 1775 stante
456 1715 562 1774 certus
578 1709 628 1774 sit.
652 1709 838 1774 Doctrinam
853 1710 1006 1774 traditam
1018 1710 1058 1774 de
1069 1709 1208 1790 glorioso
1221 1708 1340 1773 Christi
1351 1707 1494 1772 adventu
1504 1727 1563 1772 non

336 1795 439 1860 doctis
454 1794 571 1859 fabulis
586 1795 739 1859 nitentem
756 1794 875 1860 Christi
890 1795 1059 1876 majtestae
1074 1795 1106 1858 in
1122 1800 1229 1860 monte
1243 1794 1312 1858 visa
1336 1796 1369 1858 et
1390 1793 1562 1873 propheta·

334 1899 407 1944 rum
422 1879 559 1944 oraculis
574 1878 748 1944 confirmat.

421 1965 497 2045 Cap.
514 1967 542 2028 2.
573 1965 760 2043 annunciat,
786 1965 1061 2049 pseudodoctores
1083 1983 1154 2029 esse
1178 1963 1380 2046 prodituroS,
1407 1963 1561 2028 doctrinis

334 2050 402 2115 suis
418 2055 451 2115 et
464 2050 629 2131 principiis
644 2050 761 2114 multos
777 2050 818 2113 ad
833 2050 998 2114 interitum
1014 2050 1219 2129 seducturus,
1234 2049 1293 2114 sed
1307 2048 1397 2113 brevi
1411 2048 1561 2130 gravissi·

334 2155 385 2200 me
399 2136 594 2216 puniendos;
616 2154 792 2215 poenarum
807 2135 985 2198 divinarum
1001 2134 1064 2199 tria
1086 2135 1227 2203 hominm
1249 2132 1409 2214 exempla:
1432 2133 1561 2216 angelos

334 2219 442 2300 lapsos
456 2221 489 2284 in
504 2227 628 2285 tartara
644 2221 809 2299 detrusos,
832 2220 987 2284 diluvium
1002 2239 1111 2285 omnes
1126 2220 1241 2300 impios
1255 2219 1394 2300 perdens
1414 2224 1447 2283 et
1462 2219 1561 2284 Sodo-

333 2324 418 2369 mam
434 2304 710 2385 Gomorrhamque
725 2305 878 2384 deletam;
901 2305 1045 2386 exemplo
1060 2305 1090 2368 N
1092 2311 1147 2370 otis
1163 2310 1196 2370 et
1209 2305 1294 2370 Loth
1309 2303 1468 2383 ostendit,
1485 2323 1561 2385 quo·

333 2390 428 2456 modo
444 2390 532 2455 Deus
543 2391 650 2471 justos
666 2395 858 2470 sanctosque
880 2409 1007 2474 semper
1028 2396 1168 2455 tueatur.
1212 2390 1309 2454 Hisce
1329 2390 1561 2454 accuratiorem

332 2476 475 2541 adnectit
489 2476 782 2556 pseudodoctorum
797 2476 1053 2557 descriptionem.

420 2560 496 2641 Cap.
513 2563 542 2625 3.
569 2560 683 2624 horum
699 2561 904 2625 seductorum
920 2561 1115 2642 objectiones
1131 2564 1241 2626 contra
1254 2557 1373 2624 Christi
1388 2557 1560 2625 adventum

332 2643 461 2720 refutat,
479 2651 512 2710 et
526 2645 621 2726 hujus
636 2646 956 2725 procrastinationem
970 2646 1045 2711 inde
1057 2645 1276 2728 expirandam
1288 2663 1358 2710 esse
1370 2643 1458 2724 dicit,
1475 2645 1559 2725 quod

331 2729 422 2794 Deus
436 2730 574 2795 humano
590 2731 743 2810 temporis
759 2731 879 2795 calculo
894 2751 957 2795 non
968 2731 1011 2795 sit
1022 2731 1176 2796 obnoxius
1189 2735 1222 2795 et
1232 2731 1305 2794 ideo
1317 2748 1441 2794 moram
1451 2727 1556 2808 iaciat,

331 2819 369 2878 ut
382 2815 443 2881 hac
458 2815 701 2898 longanimitate
716 2835 775 2880 sua
790 2816 936 2880 omnibus
951 2815 1135 2900 poenitendi
1151 2815 1348 2880 occasionem
1364 2815 1558 2896 suppeditet.

330 2899 499 2966 Perusiam
516 2901 635 2966 Christi
658 2900 852 2980 certissime,
879 2906 912 2966 et
934 2900 1063 2982 quidem
1087 2900 1192 2966 subito
1216 2919 1288 2965 cum
1302 2901 1413 2964 mundi
1427 2899 1559 2965 interitu

331 2991 518 3051 eventuram
533 3005 605 3051 esse
619 2983 768 3065 affirmat,
784 2987 906 3050 monita
921 3005 938 3050 e
953 2986 1049 3052 dictis
1064 2983 1304 3051 corollariorum
1319 2985 1422 3049 instar
1432 3004 1559 3066 proma-

329 3072 439 3136 nantia
454 3071 610 3152 adjungit,
626 3077 659 3136 et
673 3070 764 3135 brevi
778 3071 800 3134 J
802 3090 859 3136 esu
874 3070 993 3136 Christi
1009 3071 1178 3153 doxologia
1193 3069 1362 3151 epistolam
1376 3067 1455 3134 finit.

730 3340 769 3440 4)
795 3340 960 3435 Epistola
978 3363 1006 3415 s.
1024 3341 1051 3416 J
1052 3340 1155 3416 udae.

882 3509 910 3591 s.
927 3511 1000 3576 212.

719 3645 871 3696 Auctoris
883 3659 1022 3708 persona
1035 3649 1068 3697 et
1079 3647 1160 3697 vita.

409 3798 529 3860 Auctor
543 3798 692 3880 epistolae
706 3810 831 3861 nostrae
846 3820 873 3860 o.
889 3799 918 3859 1.
933 3813 1027 3862 semet
1041 3799 1181 3862 nominat
1194 3797 1313 3861 Judum
1321 3844 1330 3876 ,
1343 3795 1485 3880 fratrem
1499 3797 1551 3860 Jo-

324 3881 401 3961 cobi,
418 3882 473 3962 qui
488 3881 570 3945 alius
586 3899 657 3947 esse
672 3883 799 3963 nequit,
821 3882 883 3946 nisi
898 3882 1040 3948 lacobus
1055 3884 1174 3962 Minor,
1198 3883 1294 3947 etiam
1308 3880 1411 3945 frater
1425 3881 1551 3946 Domini

324 3966 439 4032 dictus.
463 3966 566 4030 Judas
580 3967 632 4031 hic
646 3967 680 4030 in
693 3967 921 4050 Apostolorum
937 3968 1092 4048 catalogis
1108 3968 1165 4031 Mt.
1183 3970 1232 4048 10,
1247 3969 1277 4031 4.
1290 3968 1349 4031 Mr.
1366 3968 1396 4045 3,
1413 3966 1462 4030 18.
1480 3985 1549 4049 cog·

323 4052 451 4116 nomine
466 4051 608 4114 Lethaei
619 4069 677 4116 seu
693 4051 864 4116 Thaidaa'
876 4052 1062 4133 insignitur,
1086 4058 1119 4117 et
1133 4052 1209 4117 Luc.
1226 4053 1260 4131 6,
1285 4052 1332 4115 16.
1355 4051 1426 4115 Act.
1444 4053 1478 4133 1,
1503 4053 1548 4116 13.

322 4135 558 4217 designatione:
573 4131 696 4215 Ἰούδας
707 4132 860 4220 Ἰακώβου
876 4155 896 4201 a
911 4137 998 4202 Juda
1013 4137 1190 4202 lscariothe
1206 4137 1423 4218 distinguitur.
1468 4137 1549 4201 Auc-

320 4225 372 4285 tor
396 4226 497 4286 semet
515 4240 579 4286 non
600 4220 729 4300 quidem
752 4220 830 4285 dicit
843 4222 1050 4302 Apostolum,
1078 4223 1136 4287 sed
1157 4223 1259 4286 solum
1279 4219 1380 4310 Ἰησοῦ
1404 4223 1549 4306 Χριστοῦ

323 4307 447 4387 δοῦλον,
463 4307 527 4370 imo
540 4325 571 4370 .v.
585 4305 634 4369 17.
652 4306 701 4370 18.
718 4323 790 4370 sese
805 4305 845 4369 ab
857 4307 1021 4387 Apostohs
1037 4307 1235 4389 distinguere
1248 4307 1392 4386 videtum
1408 4310 1549 4370 attamen

319 4389 487 4471 dignitatis
513 4389 710 4471 apostohcae
736 4390 915 4470 designatio
938 4392 1030 4456 deest
1051 4392 1149 4457 etiam
1169 4392 1203 4455 in
1223 4391 1316 4456 Pauli
1339 4389 1484 4471 epistolis
1509 4390 1550 4455 ad

318 4473 634 4553 Thessalonicenses,
657 4475 700 4539 ad
715 4474 869 4555 Philipp,
892 4476 935 4540 ad
949 4476 1098 4556 Philam,
1120 4476 1154 4539 in
1169 4494 1217 4556 ep.
1233 4476 1361 4554 Jacobi,
1389 4479 1423 4539 et
1437 4481 1550 4540 auctor

317 4558 337 4624 l.
354 4577 379 4624 c.
395 4579 458 4624 non
473 4559 514 4624 ab
529 4559 694 4640 Apostohs
709 4559 742 4622 in
757 4577 891 4640 genere,
908 4561 964 4624 sed
979 4560 1021 4624 ab
1036 4560 1099 4626 illis
1114 4560 1218 4626 solum
1234 4579 1269 4626 se
1284 4559 1470 4641 distinguit,
1494 4560 1550 4641 qui
