<?xml version="1.0" encoding="UTF-8"?>
<!DOCTYPE html PUBLIC "-//W3C//DTD XHTML 1.0 Transitional//EN"
    "http://www.w3.org/TR/xhtml1/DTD/xhtml1-transitional.dtd">
<html xmlns="http://www.w3.org/1999/xhtml" xml:lang="en" lang="en">
 <head>
  <title>
</title>
<meta http-equiv="Content-Type" content="text/html;charset=utf-8" />
  <meta name='ocr-system' content='tesseract 3.04.00' />
  <meta name='ocr-capabilities' content='ocr_page ocr_carea ocr_par ocr_line ocrx_word'/>
</head>
<body>
  <div class='ocr_page' id='page_1' title='image "./introductioinsa00gngoog_0312.png"; bbox 0 0 3428 5180; ppageno 0'>
   <div class='ocr_carea' id='block_1_1' title="bbox 655 285 940 350">
    <p class='ocr_par' dir='ltr' id='par_1_1' title="bbox 655 285 940 350">
     <span class='ocr_line' id='line_1_1' title="bbox 655 285 940 350; baseline -0.004 0"><span class='ocrx_word' id='word_1_1' title='bbox 655 321 722 328; x_wconf 84' lang='lat'>-—-</span> <span class='ocrx_word' id='word_1_2' title='bbox 767 285 830 350; x_wconf 82' lang='lat'>299</span> <span class='ocrx_word' id='word_1_3' title='bbox 862 311 940 328; x_wconf 91' lang='grc'>·--</span> 
     </span>
    </p>
   </div>
   <div class='ocr_carea' id='block_1_2' title="bbox 737 505 854 588">
    <p class='ocr_par' dir='ltr' id='par_1_2' title="bbox 737 505 854 588">
     <span class='ocr_line' id='line_1_2' title="bbox 737 505 854 588; baseline 0.017 -19"><span class='ocrx_word' id='word_1_4' title='bbox 737 505 765 588; x_wconf 64' lang='grc'>1.</span> <span class='ocrx_word' id='word_1_5' title='bbox 784 506 854 571; x_wconf 87' lang='lat' dir='ltr'>1oo.</span> 
     </span>
    </p>
   </div>
   <div class='ocr_carea' id='block_1_3' title="bbox 638 641 953 704">
    <p class='ocr_par' dir='ltr' id='par_1_3' title="bbox 638 641 953 704">
     <span class='ocr_line' id='line_1_3' title="bbox 638 641 953 704; baseline 0 -11"><span class='ocrx_word' id='word_1_6' title='bbox 638 641 768 693; x_wconf 78' lang='lat' dir='ltr'>Occasio</span> <span class='ocrx_word' id='word_1_7' title='bbox 784 644 817 692; x_wconf 83' lang='lat' dir='ltr'>et</span> <span class='ocrx_word' id='word_1_8' title='bbox 829 654 953 704; x_wconf 82' lang='lat' dir='ltr'>scopus.</span> 
     </span>
    </p>
   </div>
   <div class='ocr_carea' id='block_1_4' title="bbox 179 792 1411 2661">
    <p class='ocr_par' dir='ltr' id='par_1_4' title="bbox 179 792 1411 2661">
     <span class='ocr_line' id='line_1_4' title="bbox 271 792 1410 881; baseline -0.004 -21"><span class='ocrx_word' id='word_1_9' title='bbox 271 794 404 860; x_wconf 72' lang='lat' dir='ltr'>Occasio</span> <span class='ocrx_word' id='word_1_10' title='bbox 418 795 510 881; x_wconf 67' lang='lat' dir='ltr'>lorpes</span> <span class='ocrx_word' id='word_1_11' title='bbox 525 793 673 880; x_wconf 69' lang='lat' dir='ltr'>apostolae</span> <span class='ocrx_word' id='word_1_12' title='bbox 686 794 749 857; x_wconf 82' lang='lat' dir='ltr'>sc&#39;ta</span> <span class='ocrx_word' id='word_1_13' title='bbox 764 806 830 858; x_wconf 84' lang='lat' dir='ltr'>erat</span> <span class='ocrx_word' id='word_1_14' title='bbox 842 796 877 857; x_wconf 76' lang='lat' dir='ltr'>ia</span> <span class='ocrx_word' id='word_1_15' title='bbox 893 794 1039 857; x_wconf 80' lang='lat' dir='ltr'>lectorum</span> <span class='ocrx_word' id='word_1_16' title='bbox 1049 795 1138 877; x_wconf 81' lang='lat' dir='ltr'>justo</span> <span class='ocrx_word' id='word_1_17' title='bbox 1152 795 1270 878; x_wconf 79' lang='lat' dir='ltr'>mojori</span> <span class='ocrx_word' id='word_1_18' title='bbox 1281 792 1410 857; x_wconf 64' lang='lat' dir='ltr'>‚Iudais-</span> 
     </span>
     <span class='ocr_line' id='line_1_5' title="bbox 179 877 1410 945; baseline -0.001 -1"><span class='ocrx_word' id='word_1_19' title='bbox 179 882 230 944; x_wconf 77' lang='lat' dir='ltr'>mi</span> <span class='ocrx_word' id='word_1_20' title='bbox 242 881 455 944; x_wconf 69' lang='lat' dir='ltr'>accubitatione</span> <span class='ocrx_word' id='word_1_21' title='bbox 475 892 503 943; x_wconf 89' lang='lat' dir='ltr'>et</span> <span class='ocrx_word' id='word_1_22' title='bbox 521 881 555 942; x_wconf 80' lang='lat' dir='ltr'>ia</span> <span class='ocrx_word' id='word_1_23' title='bbox 575 892 657 942; x_wconf 78' lang='lat' dir='ltr'>stata</span> <span class='ocrx_word' id='word_1_24' title='bbox 678 879 805 942; x_wconf 75' lang='lat' dir='ltr'>illoram</span> <span class='ocrx_word' id='word_1_25' title='bbox 828 892 960 942; x_wconf 79' lang='lat' dir='ltr'>caterae.</span> <span class='ocrx_word' id='word_1_26' title='bbox 1004 879 1297 945; x_wconf 83' lang='lat' dir='ltr'>Judaeochristiani</span> <span class='ocrx_word' id='word_1_27' title='bbox 1318 877 1410 943; x_wconf 88' lang='lat' dir='ltr'>nimi·</span> 
     </span>
     <span class='ocr_line' id='line_1_6' title="bbox 181 963 1409 1044; baseline -0.002 -14"><span class='ocrx_word' id='word_1_28' title='bbox 181 986 254 1031; x_wconf 92' lang='lat' dir='ltr'>rum</span> <span class='ocrx_word' id='word_1_29' title='bbox 269 965 544 1044; x_wconf 90' lang='lat' dir='ltr'>Palaestinenses,</span> <span class='ocrx_word' id='word_1_30' title='bbox 570 965 647 1030; x_wconf 90' lang='lat' dir='ltr'>licet</span> <span class='ocrx_word' id='word_1_31' title='bbox 660 964 693 1028; x_wconf 96' lang='lat' dir='ltr'>in</span> <span class='ocrx_word' id='word_1_32' title='bbox 716 965 922 1030; x_wconf 84' lang='lat' dir='ltr'>conventibus</span> <span class='ocrx_word' id='word_1_33' title='bbox 944 964 1160 1044; x_wconf 82' lang='lat' dir='ltr'>peculiaribus</span> <span class='ocrx_word' id='word_1_34' title='bbox 1183 964 1282 1030; x_wconf 89' lang='lat' dir='ltr'>cultui</span> <span class='ocrx_word' id='word_1_35' title='bbox 1302 963 1409 1028; x_wconf 87' lang='lat' dir='ltr'>divino</span> 
     </span>
     <span class='ocr_line' id='line_1_7' title="bbox 180 1049 1409 1131; baseline -0.004 -14"><span class='ocrx_word' id='word_1_36' title='bbox 180 1055 335 1117; x_wconf 86' lang='lat' dir='ltr'>vacarent</span> <span class='ocrx_word' id='word_1_37' title='bbox 354 1056 388 1117; x_wconf 90' lang='lat' dir='ltr'>et</span> <span class='ocrx_word' id='word_1_38' title='bbox 408 1070 500 1116; x_wconf 89' lang='lat' dir='ltr'>sacra</span> <span class='ocrx_word' id='word_1_39' title='bbox 519 1049 693 1115; x_wconf 89' lang='lat' dir='ltr'>christiana</span> <span class='ocrx_word' id='word_1_40' title='bbox 713 1055 921 1131; x_wconf 83' lang='lat' dir='ltr'><strong>peragerent,</strong></span> <span class='ocrx_word' id='word_1_41' title='bbox 947 1069 1010 1114; x_wconf 94' lang='lat' dir='ltr'>non</span> <span class='ocrx_word' id='word_1_42' title='bbox 1032 1069 1156 1115; x_wconf 91' lang='lat' dir='ltr'>omnem</span> <span class='ocrx_word' id='word_1_43' title='bbox 1170 1055 1279 1115; x_wconf 90' lang='lat' dir='ltr'>tamen</span> <span class='ocrx_word' id='word_1_44' title='bbox 1292 1067 1409 1113; x_wconf 83' lang='lat' dir='ltr'>nexum</span> 
     </span>
     <span class='ocr_line' id='line_1_8' title="bbox 181 1134 1410 1217; baseline -0.005 -14"><span class='ocrx_word' id='word_1_45' title='bbox 181 1156 255 1203; x_wconf 92' lang='lat' dir='ltr'>cum</span> <span class='ocrx_word' id='word_1_46' title='bbox 270 1136 480 1217; x_wconf 90' lang='lat' dir='ltr'>popularibus</span> <span class='ocrx_word' id='word_1_47' title='bbox 496 1135 563 1200; x_wconf 91' lang='lat' dir='ltr'>suis</span> <span class='ocrx_word' id='word_1_48' title='bbox 577 1135 610 1199; x_wconf 93' lang='lat' dir='ltr'>in</span> <span class='ocrx_word' id='word_1_49' title='bbox 625 1134 722 1199; x_wconf 89' lang='lat' dir='ltr'>rebus</span> <span class='ocrx_word' id='word_1_50' title='bbox 737 1134 900 1216; x_wconf 83' lang='lat' dir='ltr'>religionis</span> <span class='ocrx_word' id='word_1_51' title='bbox 915 1135 1096 1215; x_wconf 75' lang='lat' dir='ltr'>solvebant,</span> <span class='ocrx_word' id='word_1_52' title='bbox 1112 1136 1170 1200; x_wconf 90' lang='lat' dir='ltr'>sed</span> <span class='ocrx_word' id='word_1_53' title='bbox 1184 1134 1268 1200; x_wconf 83' lang='lat' dir='ltr'>festa</span> <span class='ocrx_word' id='word_1_54' title='bbox 1278 1134 1410 1215; x_wconf 88' lang='lat' dir='ltr'>jndaica</span> 
     </span>
     <span class='ocr_line' id='line_1_9' title="bbox 182 1219 1410 1301; baseline -0.003 -14"><span class='ocrx_word' id='word_1_55' title='bbox 182 1221 405 1301; x_wconf 81' lang='lat' dir='ltr'>celebrabant,</span> <span class='ocrx_word' id='word_1_56' title='bbox 432 1219 586 1301; x_wconf 91' lang='lat' dir='ltr'>templum</span> <span class='ocrx_word' id='word_1_57' title='bbox 600 1219 861 1300; x_wconf 80' lang='lat' dir='ltr'>frequentabant,</span> <span class='ocrx_word' id='word_1_58' title='bbox 889 1221 1084 1285; x_wconf 86' lang='lat' dir='ltr'>ceremonias</span> <span class='ocrx_word' id='word_1_59' title='bbox 1100 1220 1244 1285; x_wconf 85' lang='lat' dir='ltr'>diversas</span> <span class='ocrx_word' id='word_1_60' title='bbox 1259 1220 1410 1284; x_wconf 86' lang='lat' dir='ltr'>observa-</span> 
     </span>
     <span class='ocr_line' id='line_1_10' title="bbox 180 1303 1410 1387; baseline -0.003 -16"><span class='ocrx_word' id='word_1_61' title='bbox 180 1306 261 1373; x_wconf 90' lang='lat' dir='ltr'>bant</span> <span class='ocrx_word' id='word_1_62' title='bbox 277 1312 310 1371; x_wconf 94' lang='lat' dir='ltr'>et</span> <span class='ocrx_word' id='word_1_63' title='bbox 324 1305 539 1372; x_wconf 82' lang='lat' dir='ltr'>aemulatores</span> <span class='ocrx_word' id='word_1_64' title='bbox 554 1310 646 1370; x_wconf 91' lang='lat' dir='ltr'>erant</span> <span class='ocrx_word' id='word_1_65' title='bbox 660 1303 740 1386; x_wconf 90' lang='lat' dir='ltr'>legis</span> <span class='ocrx_word' id='word_1_66' title='bbox 756 1304 840 1384; x_wconf 90' lang='lat' dir='ltr'>(Act.</span> <span class='ocrx_word' id='word_1_67' title='bbox 855 1305 912 1384; x_wconf 78' lang='lat'>21,</span> <span class='ocrx_word' id='word_1_68' title='bbox 929 1305 1011 1386; x_wconf 80' lang='grc'><strong>211),</strong></span> <span class='ocrx_word' id='word_1_69' title='bbox 1036 1311 1069 1370; x_wconf 88' lang='grc'>11</span> <span class='ocrx_word' id='word_1_70' title='bbox 1089 1307 1169 1370; x_wconf 93' lang='lat' dir='ltr'>haec</span> <span class='ocrx_word' id='word_1_71' title='bbox 1188 1305 1305 1387; x_wconf 89' lang='lat' dir='ltr'>agendi</span> <span class='ocrx_word' id='word_1_72' title='bbox 1326 1303 1410 1368; x_wconf 89' lang='lat' dir='ltr'>ratio</span> 
     </span>
     <span class='ocr_line' id='line_1_11' title="bbox 179 1389 1410 1474; baseline -0.003 -18"><span class='ocrx_word' id='word_1_73' title='bbox 179 1393 285 1474; x_wconf 90' lang='lat' dir='ltr'>ipsius</span> <span class='ocrx_word' id='word_1_74' title='bbox 301 1391 421 1456; x_wconf 86' lang='lat' dir='ltr'>Christi</span> <span class='ocrx_word' id='word_1_75' title='bbox 437 1395 469 1455; x_wconf 91' lang='lat' dir='ltr'>et</span> <span class='ocrx_word' id='word_1_76' title='bbox 479 1389 708 1471; x_wconf 88' lang='lat' dir='ltr'>Apostolorum</span> <span class='ocrx_word' id='word_1_77' title='bbox 723 1389 853 1470; x_wconf 90' lang='lat' dir='ltr'>probari</span> <span class='ocrx_word' id='word_1_78' title='bbox 868 1391 1039 1455; x_wconf 93' lang='lat' dir='ltr'>videbatur</span> <span class='ocrx_word' id='word_1_79' title='bbox 1054 1389 1206 1471; x_wconf 84' lang='lat' dir='ltr'>exemplo.</span> <span class='ocrx_word' id='word_1_80' title='bbox 1230 1390 1324 1466; x_wconf 82' lang='lat' dir='ltr'>Quod</span> <span class='ocrx_word' id='word_1_81' title='bbox 1333 1407 1410 1454; x_wconf 84' lang='lat' dir='ltr'>vero</span> 
     </span>
     <span class='ocr_line' id='line_1_12' title="bbox 182 1473 1410 1558; baseline -0.002 -17"><span class='ocrx_word' id='word_1_82' title='bbox 182 1476 331 1541; x_wconf 92' lang='lat' dir='ltr'>Christus</span> <span class='ocrx_word' id='word_1_83' title='bbox 346 1476 410 1558; x_wconf 92' lang='lat' dir='ltr'>legi</span> <span class='ocrx_word' id='word_1_84' title='bbox 424 1476 573 1540; x_wconf 91' lang='lat' dir='ltr'>subditus</span> <span class='ocrx_word' id='word_1_85' title='bbox 589 1481 622 1539; x_wconf 92' lang='lat' dir='ltr'>et</span> <span class='ocrx_word' id='word_1_86' title='bbox 636 1475 784 1555; x_wconf 88' lang='lat' dir='ltr'>Apostoli</span> <span class='ocrx_word' id='word_1_87' title='bbox 798 1474 977 1539; x_wconf 90' lang='lat' dir='ltr'>infirmitati</span> <span class='ocrx_word' id='word_1_88' title='bbox 990 1477 1148 1540; x_wconf 89' lang='lat' dir='ltr'>humanae</span> <span class='ocrx_word' id='word_1_89' title='bbox 1163 1479 1332 1556; x_wconf 90' lang='lat' dir='ltr'>parcentes</span> <span class='ocrx_word' id='word_1_90' title='bbox 1354 1473 1410 1538; x_wconf 92' lang='lat' dir='ltr'>ob-</span> 
     </span>
     <span class='ocr_line' id='line_1_13' title="bbox 181 1559 1411 1640; baseline -0.004 -13"><span class='ocrx_word' id='word_1_91' title='bbox 181 1566 369 1640; x_wconf 87' lang='lat' dir='ltr'>servarunt,</span> <span class='ocrx_word' id='word_1_92' title='bbox 385 1561 406 1625; x_wconf 89' lang='lat' dir='ltr'><strong>J</strong></span> <span class='ocrx_word' id='word_1_93' title='bbox 407 1560 678 1625; x_wconf 88' lang='lat' dir='ltr'>udaeoohristiani</span> <span class='ocrx_word' id='word_1_94' title='bbox 691 1559 949 1626; x_wconf 89' lang='lat' dir='ltr'>Palaestinenses</span> <span class='ocrx_word' id='word_1_95' title='bbox 964 1561 1081 1625; x_wconf 89' lang='lat' dir='ltr'>sensim</span> <span class='ocrx_word' id='word_1_96' title='bbox 1097 1561 1140 1624; x_wconf 90' lang='lat' dir='ltr'>ad</span> <span class='ocrx_word' id='word_1_97' title='bbox 1155 1560 1292 1624; x_wconf 88' lang='lat' dir='ltr'>salutem</span> <span class='ocrx_word' id='word_1_98' title='bbox 1307 1564 1411 1624; x_wconf 79' lang='lat' dir='ltr'>aeter-</span> 
     </span>
     <span class='ocr_line' id='line_1_14' title="bbox 180 1644 1410 1726; baseline -0.004 -15"><span class='ocrx_word' id='word_1_99' title='bbox 180 1666 256 1712; x_wconf 88' lang='lat' dir='ltr'>nam</span> <span class='ocrx_word' id='word_1_100' title='bbox 281 1645 498 1710; x_wconf 87' lang='lat' dir='ltr'>necessarium</span> <span class='ocrx_word' id='word_1_101' title='bbox 524 1663 595 1710; x_wconf 92' lang='lat' dir='ltr'>esse</span> <span class='ocrx_word' id='word_1_102' title='bbox 621 1645 795 1724; x_wconf 86' lang='lat' dir='ltr'>duxerunt,</span> <span class='ocrx_word' id='word_1_103' title='bbox 824 1646 962 1725; x_wconf 90' lang='lat' dir='ltr'>ideoque</span> <span class='ocrx_word' id='word_1_104' title='bbox 985 1664 1062 1726; x_wconf 91' lang='lat' dir='ltr'>erga</span> <span class='ocrx_word' id='word_1_105' title='bbox 1085 1645 1167 1709; x_wconf 91' lang='lat' dir='ltr'>bona</span> <span class='ocrx_word' id='word_1_106' title='bbox 1189 1645 1348 1708; x_wconf 80' lang='lat' dir='ltr'>messiane</span> <span class='ocrx_word' id='word_1_107' title='bbox 1363 1644 1410 1706; x_wconf 93' lang='lat' dir='ltr'>in-</span> 
     </span>
     <span class='ocr_line' id='line_1_15' title="bbox 181 1727 1410 1809; baseline -0.005 -13"><span class='ocrx_word' id='word_1_108' title='bbox 181 1731 368 1805; x_wconf 86' lang='lat' dir='ltr'>differentes</span> <span class='ocrx_word' id='word_1_109' title='bbox 392 1735 575 1809; x_wconf 88' lang='lat' dir='ltr'>evaserunt,</span> <span class='ocrx_word' id='word_1_110' title='bbox 602 1730 642 1794; x_wconf 95' lang='lat' dir='ltr'>de</span> <span class='ocrx_word' id='word_1_111' title='bbox 663 1748 773 1794; x_wconf 91' lang='lat' dir='ltr'>eorum</span> <span class='ocrx_word' id='word_1_112' title='bbox 798 1731 903 1809; x_wconf 91' lang='lat' dir='ltr'>pretio</span> <span class='ocrx_word' id='word_1_113' title='bbox 930 1728 1078 1794; x_wconf 90' lang='lat' dir='ltr'>dubitare</span> <span class='ocrx_word' id='word_1_114' title='bbox 1105 1735 1293 1808; x_wconf 89' lang='lat' dir='ltr'>coeperunt,</span> <span class='ocrx_word' id='word_1_115' title='bbox 1320 1728 1353 1793; x_wconf 92' lang='lat' dir='ltr'>et</span> <span class='ocrx_word' id='word_1_116' title='bbox 1377 1727 1410 1790; x_wconf 94' lang='lat' dir='ltr'>in</span> 
     </span>
     <span class='ocr_line' id='line_1_16' title="bbox 180 1813 1410 1899; baseline -0.005 -18"><span class='ocrx_word' id='word_1_117' title='bbox 180 1815 325 1899; x_wconf 92' lang='lat' dir='ltr'>periculo</span> <span class='ocrx_word' id='word_1_118' title='bbox 347 1816 559 1880; x_wconf 85' lang='lat' dir='ltr'>versabantur</span> <span class='ocrx_word' id='word_1_119' title='bbox 581 1813 749 1879; x_wconf 89' lang='lat' dir='ltr'>deficiendi</span> <span class='ocrx_word' id='word_1_120' title='bbox 771 1833 790 1877; x_wconf 90' lang='lat' dir='ltr'>a</span> <span class='ocrx_word' id='word_1_121' title='bbox 814 1815 941 1878; x_wconf 91' lang='lat' dir='ltr'>Christo</span> <span class='ocrx_word' id='word_1_122' title='bbox 965 1819 997 1879; x_wconf 91' lang='lat' dir='ltr'>et</span> <span class='ocrx_word' id='word_1_123' title='bbox 1017 1816 1059 1878; x_wconf 90' lang='lat' dir='ltr'>ad</span> <span class='ocrx_word' id='word_1_124' title='bbox 1078 1814 1282 1878; x_wconf 80' lang='lat' dir='ltr'>ludaismum</span> <span class='ocrx_word' id='word_1_125' title='bbox 1303 1831 1410 1876; x_wconf 87' lang='lat' dir='ltr'>rever-</span> 
     </span>
     <span class='ocr_line' id='line_1_17' title="bbox 180 1897 1410 1981; baseline -0.003 -15"><span class='ocrx_word' id='word_1_126' title='bbox 180 1902 271 1967; x_wconf 92' lang='lat' dir='ltr'>tendi</span> <span class='ocrx_word' id='word_1_127' title='bbox 287 1900 331 1980; x_wconf 85' lang='lat'>(6,</span> <span class='ocrx_word' id='word_1_128' title='bbox 346 1901 441 1964; x_wconf 84' lang='lat'>4—6.</span> <span class='ocrx_word' id='word_1_129' title='bbox 458 1902 508 1980; x_wconf 86' lang='lat'>10,</span> <span class='ocrx_word' id='word_1_130' title='bbox 523 1899 683 1981; x_wconf 48' lang='lat'>2648.)</span> <span class='ocrx_word' id='word_1_131' title='bbox 721 1899 903 1963; x_wconf 89' lang='lat' dir='ltr'>Periculum</span> <span class='ocrx_word' id='word_1_132' title='bbox 918 1900 978 1963; x_wconf 90' lang='lat' dir='ltr'>hoc</span> <span class='ocrx_word' id='word_1_133' title='bbox 992 1898 1176 1981; x_wconf 52' lang='lat' dir='ltr'>augebatur,</span> <span class='ocrx_word' id='word_1_134' title='bbox 1186 1903 1255 1962; x_wconf 90' lang='lat' dir='ltr'>tum</span> <span class='ocrx_word' id='word_1_135' title='bbox 1270 1897 1410 1962; x_wconf 91' lang='lat' dir='ltr'>Judaeo-</span> 
     </span>
     <span class='ocr_line' id='line_1_18' title="bbox 179 1982 1409 2066; baseline -0.005 -14"><span class='ocrx_word' id='word_1_136' title='bbox 179 2005 253 2052; x_wconf 91' lang='lat' dir='ltr'>rum</span> <span class='ocrx_word' id='word_1_137' title='bbox 278 1986 515 2051; x_wconf 89' lang='lat' dir='ltr'>incredulorum</span> <span class='ocrx_word' id='word_1_138' title='bbox 541 1984 754 2066; x_wconf 91' lang='lat' dir='ltr'>argumentis,</span> <span class='ocrx_word' id='word_1_139' title='bbox 788 2003 808 2048; x_wconf 91' lang='lat' dir='ltr'>a</span> <span class='ocrx_word' id='word_1_140' title='bbox 829 1984 998 2064; x_wconf 91' lang='lat' dir='ltr'>splendore</span> <span class='ocrx_word' id='word_1_141' title='bbox 1020 1984 1126 2048; x_wconf 89' lang='lat' dir='ltr'>cultus</span> <span class='ocrx_word' id='word_1_142' title='bbox 1147 1984 1280 2048; x_wconf 90' lang='lat' dir='ltr'>mosaici</span> <span class='ocrx_word' id='word_1_143' title='bbox 1307 1987 1340 2046; x_wconf 92' lang='lat' dir='ltr'>et</span> <span class='ocrx_word' id='word_1_144' title='bbox 1368 1982 1409 2046; x_wconf 91' lang='lat' dir='ltr'>ab</span> 
     </span>
     <span class='ocr_line' id='line_1_19' title="bbox 179 2067 1410 2152; baseline -0.005 -16"><span class='ocrx_word' id='word_1_145' title='bbox 179 2070 363 2136; x_wconf 90' lang='lat' dir='ltr'>humilitate</span> <span class='ocrx_word' id='word_1_146' title='bbox 378 2069 541 2152; x_wconf 87' lang='lat' dir='ltr'>religionis</span> <span class='ocrx_word' id='word_1_147' title='bbox 558 2069 750 2134; x_wconf 89' lang='lat' dir='ltr'>christianae</span> <span class='ocrx_word' id='word_1_148' title='bbox 768 2069 895 2150; x_wconf 89' lang='lat' dir='ltr'>petitis,</span> <span class='ocrx_word' id='word_1_149' title='bbox 921 2075 990 2132; x_wconf 91' lang='lat' dir='ltr'>tum</span> <span class='ocrx_word' id='word_1_150' title='bbox 1013 2068 1266 2148; x_wconf 89' lang='lat' dir='ltr'>calamitatibus,</span> <span class='ocrx_word' id='word_1_151' title='bbox 1293 2067 1410 2147; x_wconf 89' lang='lat' dir='ltr'>quibus</span> 
     </span>
     <span class='ocr_line' id='line_1_20' title="bbox 181 2151 1409 2235; baseline -0.006 -13"><span class='ocrx_word' id='word_1_152' title='bbox 181 2156 357 2222; x_wconf 83' lang='lat' dir='ltr'>Christiani</span> <span class='ocrx_word' id='word_1_153' title='bbox 371 2156 404 2219; x_wconf 94' lang='lat' dir='ltr'>in</span> <span class='ocrx_word' id='word_1_154' title='bbox 419 2155 603 2220; x_wconf 91' lang='lat' dir='ltr'>Palaestina</span> <span class='ocrx_word' id='word_1_155' title='bbox 618 2154 658 2219; x_wconf 95' lang='lat' dir='ltr'>ob</span> <span class='ocrx_word' id='word_1_156' title='bbox 675 2173 766 2218; x_wconf 91' lang='lat' dir='ltr'>suam</span> <span class='ocrx_word' id='word_1_157' title='bbox 781 2154 944 2235; x_wconf 83' lang='lat' dir='ltr'>religionis</span> <span class='ocrx_word' id='word_1_158' title='bbox 954 2154 1183 2234; x_wconf 86' lang='lat' dir='ltr'>professionem</span> <span class='ocrx_word' id='word_1_159' title='bbox 1194 2159 1286 2218; x_wconf 91' lang='lat' dir='ltr'>erant</span> <span class='ocrx_word' id='word_1_160' title='bbox 1296 2151 1409 2233; x_wconf 92' lang='lat' dir='ltr'>pressi.</span> 
     </span>
     <span class='ocr_line' id='line_1_21' title="bbox 179 2238 1409 2320; baseline -0.004 -14"><span class='ocrx_word' id='word_1_161' title='bbox 179 2241 345 2306; x_wconf 88' lang='lat' dir='ltr'>Ecclesiae</span> <span class='ocrx_word' id='word_1_162' title='bbox 366 2241 516 2304; x_wconf 91' lang='lat' dir='ltr'>nimirum</span> <span class='ocrx_word' id='word_1_163' title='bbox 535 2239 793 2304; x_wconf 88' lang='lat' dir='ltr'>Palaestinenses</span> <span class='ocrx_word' id='word_1_164' title='bbox 817 2258 880 2303; x_wconf 94' lang='lat' dir='ltr'>non</span> <span class='ocrx_word' id='word_1_165' title='bbox 905 2244 1031 2303; x_wconf 88' lang='lat' dir='ltr'>tantum</span> <span class='ocrx_word' id='word_1_166' title='bbox 1055 2239 1146 2320; x_wconf 90' lang='lat' dir='ltr'>prius</span> <span class='ocrx_word' id='word_1_167' title='bbox 1169 2238 1409 2319; x_wconf 84' lang='lat' dir='ltr'>persecutiones</span> 
     </span>
     <span class='ocr_line' id='line_1_22' title="bbox 180 2323 1409 2406; baseline -0.005 -15"><span class='ocrx_word' id='word_1_168' title='bbox 180 2332 274 2392; x_wconf 89' lang='lat' dir='ltr'>erant</span> <span class='ocrx_word' id='word_1_169' title='bbox 288 2343 471 2406; x_wconf 89' lang='lat' dir='ltr'>perpessae,</span> <span class='ocrx_word' id='word_1_170' title='bbox 488 2326 545 2389; x_wconf 91' lang='lat' dir='ltr'>sed</span> <span class='ocrx_word' id='word_1_171' title='bbox 561 2325 755 2390; x_wconf 88' lang='lat' dir='ltr'>etiamnunc</span> <span class='ocrx_word' id='word_1_172' title='bbox 770 2324 862 2388; x_wconf 91' lang='lat' dir='ltr'>malis</span> <span class='ocrx_word' id='word_1_173' title='bbox 873 2325 1070 2405; x_wconf 86' lang='lat' dir='ltr'>gravissimis</span> <span class='ocrx_word' id='word_1_174' title='bbox 1082 2323 1245 2403; x_wconf 88' lang='lat' dir='ltr'>obnoxiae,</span> <span class='ocrx_word' id='word_1_175' title='bbox 1260 2325 1323 2388; x_wconf 91' lang='lat' dir='ltr'>imo</span> <span class='ocrx_word' id='word_1_176' title='bbox 1336 2341 1409 2404; x_wconf 92' lang='lat' dir='ltr'>gra-</span> 
     </span>
     <span class='ocr_line' id='line_1_23' title="bbox 179 2408 1407 2489; baseline -0.005 -13"><span class='ocrx_word' id='word_1_177' title='bbox 179 2412 273 2478; x_wconf 82' lang='lat' dir='ltr'>viora</span> <span class='ocrx_word' id='word_1_178' title='bbox 299 2411 465 2475; x_wconf 89' lang='lat' dir='ltr'>imminere</span> <span class='ocrx_word' id='word_1_179' title='bbox 490 2409 682 2474; x_wconf 89' lang='lat' dir='ltr'>videbantur</span> <span class='ocrx_word' id='word_1_180' title='bbox 707 2408 1183 2489; x_wconf 79' lang='lat'>(6,12.10,36.11,35-38.</span> <span class='ocrx_word' id='word_1_181' title='bbox 1202 2410 1257 2488; x_wconf 84' lang='grc'>12,</span> <span class='ocrx_word' id='word_1_182' title='bbox 1280 2408 1407 2470; x_wconf 75' lang='lat'>1—11.</span> 
     </span>
     <span class='ocr_line' id='line_1_24' title="bbox 181 2493 1409 2576; baseline -0.002 -17"><span class='ocrx_word' id='word_1_183' title='bbox 181 2497 239 2576; x_wconf 87' lang='lat'>13,</span> <span class='ocrx_word' id='word_1_184' title='bbox 257 2495 317 2576; x_wconf 70' lang='lat' dir='ltr'>l),</span> <span class='ocrx_word' id='word_1_185' title='bbox 344 2495 614 2576; x_wconf 88' lang='lat' dir='ltr'>quemadmodum</span> <span class='ocrx_word' id='word_1_186' title='bbox 637 2495 720 2558; x_wconf 90' lang='lat' dir='ltr'>enim</span> <span class='ocrx_word' id='word_1_187' title='bbox 742 2500 817 2576; x_wconf 90' lang='lat' dir='ltr'>post</span> <span class='ocrx_word' id='word_1_188' title='bbox 832 2494 986 2575; x_wconf 84' lang='lat' dir='ltr'>Stephani</span> <span class='ocrx_word' id='word_1_189' title='bbox 1008 2513 1134 2574; x_wconf 91' lang='lat' dir='ltr'>necem,</span> <span class='ocrx_word' id='word_1_190' title='bbox 1160 2493 1207 2558; x_wconf 85' lang='lat' dir='ltr'>ita</span> <span class='ocrx_word' id='word_1_191' title='bbox 1222 2494 1319 2558; x_wconf 89' lang='lat' dir='ltr'>etiam</span> <span class='ocrx_word' id='word_1_192' title='bbox 1334 2496 1409 2573; x_wconf 90' lang='lat' dir='ltr'>post</span> 
     </span>
     <span class='ocr_line' id='line_1_25' title="bbox 179 2576 1409 2661; baseline -0.004 -15"><span class='ocrx_word' id='word_1_193' title='bbox 179 2581 296 2646; x_wconf 87' lang='lat' dir='ltr'>Jacobi</span> <span class='ocrx_word' id='word_1_194' title='bbox 319 2581 452 2644; x_wconf 91' lang='lat' dir='ltr'>Minoris</span> <span class='ocrx_word' id='word_1_195' title='bbox 473 2585 609 2644; x_wconf 89' lang='lat' dir='ltr'>mortem</span> <span class='ocrx_word' id='word_1_196' title='bbox 630 2579 714 2658; x_wconf 89' lang='lat' dir='ltr'>(ann.</span> <span class='ocrx_word' id='word_1_197' title='bbox 736 2579 802 2661; x_wconf 79' lang='lat'>62.)</span> <span class='ocrx_word' id='word_1_198' title='bbox 823 2579 1005 2659; x_wconf 91' lang='lat' dir='ltr'>persecutio</span> <span class='ocrx_word' id='word_1_199' title='bbox 1032 2585 1102 2644; x_wconf 92' lang='lat' dir='ltr'>erat</span> <span class='ocrx_word' id='word_1_200' title='bbox 1128 2583 1212 2658; x_wconf 90' lang='lat' dir='ltr'>orta,</span> <span class='ocrx_word' id='word_1_201' title='bbox 1239 2583 1271 2642; x_wconf 94' lang='lat' dir='ltr'>et</span> <span class='ocrx_word' id='word_1_202' title='bbox 1297 2576 1409 2659; x_wconf 89' lang='lat' dir='ltr'>procul</span> 
     </span>
    </p>
   </div>
   <div class='ocr_carea' id='block_1_5' title="bbox 180 2661 1500 2744">
    <p class='ocr_par' dir='ltr' id='par_1_5' title="bbox 180 2661 1500 2744">
     <span class='ocr_line' id='line_1_26' title="bbox 180 2661 1500 2744; baseline -0.004 -14"><span class='ocrx_word' id='word_1_203' title='bbox 180 2666 280 2731; x_wconf 91' lang='lat' dir='ltr'>dubio</span> <span class='ocrx_word' id='word_1_204' title='bbox 296 2664 411 2729; x_wconf 82' lang='lat' dir='ltr'>fuisset</span> <span class='ocrx_word' id='word_1_205' title='bbox 425 2669 538 2744; x_wconf 88' lang='lat' dir='ltr'>aucta,</span> <span class='ocrx_word' id='word_1_206' title='bbox 560 2665 621 2728; x_wconf 92' lang='lat' dir='ltr'>nisi</span> <span class='ocrx_word' id='word_1_207' title='bbox 636 2683 695 2744; x_wconf 89' lang='lat' dir='ltr'>per</span> <span class='ocrx_word' id='word_1_208' title='bbox 709 2663 861 2726; x_wconf 70' lang='lat' dir='ltr'>Albulam</span> <span class='ocrx_word' id='word_1_209' title='bbox 874 2670 1115 2744; x_wconf 90' lang='lat' dir='ltr'>procuratorem</span> <span class='ocrx_word' id='word_1_210' title='bbox 1130 2664 1234 2727; x_wconf 91' lang='lat' dir='ltr'>Anani</span> <span class='ocrx_word' id='word_1_211' title='bbox 1247 2661 1409 2744; x_wconf 89' lang='lat' dir='ltr'>pontificis</span> <span class='ocrx_word' id='word_1_212' title='bbox 1498 2697 1500 2702; x_wconf 94' lang='lat'><em>·</em></span> 
     </span>
    </p>
   </div>
   <div class='ocr_carea' id='block_1_6' title="bbox 176 2749 1409 3763">
    <p class='ocr_par' dir='ltr' id='par_1_6' title="bbox 178 2749 844 2829">
     <span class='ocr_line' id='line_1_27' title="bbox 178 2749 844 2829; baseline -0.005 -15"><span class='ocrx_word' id='word_1_213' title='bbox 178 2750 283 2816; x_wconf 86' lang='lat' dir='ltr'>furori</span> <span class='ocrx_word' id='word_1_214' title='bbox 298 2750 517 2829; x_wconf 89' lang='lat' dir='ltr'>audaciaeque</span> <span class='ocrx_word' id='word_1_215' title='bbox 532 2749 613 2812; x_wconf 85' lang='lat' dir='ltr'>obex</span> <span class='ocrx_word' id='word_1_216' title='bbox 629 2753 715 2813; x_wconf 91' lang='lat' dir='ltr'>esset</span> <span class='ocrx_word' id='word_1_217' title='bbox 729 2749 844 2828; x_wconf 91' lang='lat' dir='ltr'>posita.</span> 
     </span>
    </p>

    <p class='ocr_par' dir='ltr' id='par_1_7' title="bbox 177 2831 1409 3324">
     <span class='ocr_line' id='line_1_28' title="bbox 228 2831 1409 2915; baseline -0.003 -17"><span class='ocrx_word' id='word_1_218' title='bbox 228 2855 231 2862; x_wconf 52' lang='lat'><strong>⁴</strong></span> <span class='ocrx_word' id='word_1_219' title='bbox 265 2835 337 2899; x_wconf 92' lang='lat' dir='ltr'>Hae</span> <span class='ocrx_word' id='word_1_220' title='bbox 349 2835 417 2915; x_wconf 80' lang='lat' dir='ltr'>Jam</span> <span class='ocrx_word' id='word_1_221' title='bbox 432 2833 692 2899; x_wconf 87' lang='lat' dir='ltr'>circumstantiae</span> <span class='ocrx_word' id='word_1_222' title='bbox 707 2831 867 2897; x_wconf 87' lang='lat' dir='ltr'>sufficiens</span> <span class='ocrx_word' id='word_1_223' title='bbox 878 2833 1096 2914; x_wconf 87' lang='lat' dir='ltr'>praebuerunt</span> <span class='ocrx_word' id='word_1_224' title='bbox 1106 2832 1356 2909; x_wconf 88' lang='lat' dir='ltr'>incitamentum,</span> <span class='ocrx_word' id='word_1_225' title='bbox 1371 2836 1409 2895; x_wconf 91' lang='lat' dir='ltr'>ut</span> 
     </span>
     <span class='ocr_line' id='line_1_29' title="bbox 178 2916 1408 2998; baseline -0.006 -13"><span class='ocrx_word' id='word_1_226' title='bbox 178 2918 303 2986; x_wconf 87' lang='lat' dir='ltr'>Jacobo</span> <span class='ocrx_word' id='word_1_227' title='bbox 330 2938 347 2984; x_wconf 94' lang='lat' dir='ltr'>e</span> <span class='ocrx_word' id='word_1_228' title='bbox 372 2919 453 2983; x_wconf 85' lang='lat' dir='ltr'>vivis</span> <span class='ocrx_word' id='word_1_229' title='bbox 479 2923 590 2998; x_wconf 91' lang='lat' dir='ltr'>erepto</span> <span class='ocrx_word' id='word_1_230' title='bbox 612 2917 841 2998; x_wconf 89' lang='lat' dir='ltr'>Apostolorum</span> <span class='ocrx_word' id='word_1_231' title='bbox 867 2918 1038 2998; x_wconf 91' lang='lat' dir='ltr'>quisquam</span> <span class='ocrx_word' id='word_1_232' title='bbox 1063 2917 1178 2981; x_wconf 90' lang='lat' dir='ltr'>absens</span> <span class='ocrx_word' id='word_1_233' title='bbox 1198 2916 1408 2981; x_wconf 91' lang='lat' dir='ltr'>attentionem</span> 
     </span>
     <span class='ocr_line' id='line_1_30' title="bbox 178 3000 1407 3082; baseline -0.006 -12"><span class='ocrx_word' id='word_1_234' title='bbox 178 3023 272 3070; x_wconf 89' lang='lat' dir='ltr'>suam</span> <span class='ocrx_word' id='word_1_235' title='bbox 288 3008 489 3068; x_wconf 85' lang='lat' dir='ltr'>converteret</span> <span class='ocrx_word' id='word_1_236' title='bbox 502 3004 535 3066; x_wconf 93' lang='lat' dir='ltr'>in</span> <span class='ocrx_word' id='word_1_237' title='bbox 551 3003 701 3067; x_wconf 89' lang='lat' dir='ltr'>ecclesias</span> <span class='ocrx_word' id='word_1_238' title='bbox 716 3002 935 3082; x_wconf 86' lang='lat' dir='ltr'>Palaestinae,</span> <span class='ocrx_word' id='word_1_239' title='bbox 958 3002 1040 3067; x_wconf 89' lang='lat' dir='ltr'>duce</span> <span class='ocrx_word' id='word_1_240' title='bbox 1055 3007 1088 3066; x_wconf 90' lang='lat' dir='ltr'>et</span> <span class='ocrx_word' id='word_1_241' title='bbox 1106 3001 1243 3081; x_wconf 83' lang='lat' dir='ltr'>megisto</span> <span class='ocrx_word' id='word_1_242' title='bbox 1267 3000 1407 3080; x_wconf 90' lang='lat' dir='ltr'>orbatas,</span> 
     </span>
     <span class='ocr_line' id='line_1_31' title="bbox 177 3085 1408 3170; baseline -0.005 -16"><span class='ocrx_word' id='word_1_243' title='bbox 177 3095 281 3170; x_wconf 91' lang='lat' dir='ltr'>utque</span> <span class='ocrx_word' id='word_1_244' title='bbox 302 3107 362 3169; x_wconf 90' lang='lat' dir='ltr'>per</span> <span class='ocrx_word' id='word_1_245' title='bbox 381 3087 550 3168; x_wconf 89' lang='lat' dir='ltr'>epistolam</span> <span class='ocrx_word' id='word_1_246' title='bbox 576 3105 717 3152; x_wconf 90' lang='lat' dir='ltr'>amorem</span> <span class='ocrx_word' id='word_1_247' title='bbox 742 3087 904 3168; x_wconf 90' lang='lat' dir='ltr'>religionis</span> <span class='ocrx_word' id='word_1_248' title='bbox 926 3086 1046 3151; x_wconf 86' lang='lat' dir='ltr'>Christi</span> <span class='ocrx_word' id='word_1_249' title='bbox 1070 3085 1259 3165; x_wconf 85' lang='lat' dir='ltr'>vivificaret,</span> <span class='ocrx_word' id='word_1_250' title='bbox 1286 3085 1408 3149; x_wconf 91' lang='lat' dir='ltr'>animos</span> 
     </span>
     <span class='ocr_line' id='line_1_32' title="bbox 178 3171 1408 3252; baseline -0.004 -14"><span class='ocrx_word' id='word_1_251' title='bbox 178 3175 337 3238; x_wconf 84' lang='lat' dir='ltr'>excitaret</span> <span class='ocrx_word' id='word_1_252' title='bbox 351 3175 394 3237; x_wconf 89' lang='lat' dir='ltr'>ad</span> <span class='ocrx_word' id='word_1_253' title='bbox 408 3172 505 3237; x_wconf 90' lang='lat' dir='ltr'>fidem</span> <span class='ocrx_word' id='word_1_254' title='bbox 519 3171 660 3251; x_wconf 89' lang='lat' dir='ltr'>firmam,</span> <span class='ocrx_word' id='word_1_255' title='bbox 688 3173 730 3236; x_wconf 96' lang='lat' dir='ltr'>ad</span> <span class='ocrx_word' id='word_1_256' title='bbox 745 3191 834 3252; x_wconf 90' lang='lat' dir='ltr'>spem</span> <span class='ocrx_word' id='word_1_257' title='bbox 851 3177 986 3252; x_wconf 88' lang='lat' dir='ltr'>certam,</span> <span class='ocrx_word' id='word_1_258' title='bbox 1013 3173 1056 3236; x_wconf 90' lang='lat' dir='ltr'>ad</span> <span class='ocrx_word' id='word_1_259' title='bbox 1071 3172 1282 3236; x_wconf 89' lang='lat' dir='ltr'>constantiam</span> <span class='ocrx_word' id='word_1_260' title='bbox 1292 3171 1408 3252; x_wconf 36' lang='lat' dir='ltr'>,incon-</span> 
     </span>
     <span class='ocr_line' id='line_1_33' title="bbox 178 3275 1315 3324; baseline -0.005 -1"><span class='ocrx_word' id='word_1_261' title='bbox 178 3276 317 3324; x_wconf 88' lang='lat' dir='ltr'>cussam.</span> <span class='ocrx_word' id='word_1_262' title='bbox 1312 3275 1315 3279; x_wconf 92' lang='grc'><em>·</em></span> 
     </span>
    </p>

    <p class='ocr_par' dir='ltr' id='par_1_8' title="bbox 176 3340 1409 3763">
     <span class='ocr_line' id='line_1_34' title="bbox 266 3340 1408 3425; baseline -0.003 -21"><span class='ocrx_word' id='word_1_263' title='bbox 266 3343 333 3406; x_wconf 82' lang='lat' dir='ltr'>Hic</span> <span class='ocrx_word' id='word_1_264' title='bbox 348 3355 416 3406; x_wconf 82' lang='lat' dir='ltr'>erat</span> <span class='ocrx_word' id='word_1_265' title='bbox 429 3364 539 3425; x_wconf 80' lang='lat' dir='ltr'>scopas</span> <span class='ocrx_word' id='word_1_266' title='bbox 555 3340 710 3421; x_wconf 77' lang='lat' dir='ltr'>epistolae</span> <span class='ocrx_word' id='word_1_267' title='bbox 724 3340 834 3421; x_wconf 88' lang='lat' dir='ltr'>hujus,</span> <span class='ocrx_word' id='word_1_268' title='bbox 862 3359 957 3422; x_wconf 90' lang='lat' dir='ltr'>quem</span> <span class='ocrx_word' id='word_1_269' title='bbox 978 3347 1016 3405; x_wconf 93' lang='lat' dir='ltr'>ut</span> <span class='ocrx_word' id='word_1_270' title='bbox 1036 3346 1149 3406; x_wconf 87' lang='lat' dir='ltr'>auctor</span> <span class='ocrx_word' id='word_1_271' title='bbox 1171 3343 1408 3420; x_wconf 91' lang='lat' dir='ltr'>assequeretur,</span> 
     </span>
     <span class='ocr_line' id='line_1_35' title="bbox 176 3423 1409 3508; baseline -0.004 -16"><span class='ocrx_word' id='word_1_272' title='bbox 176 3425 338 3492; x_wconf 89' lang='lat' dir='ltr'>infinitam</span> <span class='ocrx_word' id='word_1_273' title='bbox 363 3426 526 3508; x_wconf 89' lang='lat' dir='ltr'>religionis</span> <span class='ocrx_word' id='word_1_274' title='bbox 553 3425 745 3490; x_wconf 89' lang='lat' dir='ltr'>christianae</span> <span class='ocrx_word' id='word_1_275' title='bbox 771 3444 850 3505; x_wconf 91' lang='lat' dir='ltr'>prae</span> <span class='ocrx_word' id='word_1_276' title='bbox 876 3426 1016 3491; x_wconf 87' lang='lat' dir='ltr'>mosaica</span> <span class='ocrx_word' id='word_1_277' title='bbox 1044 3426 1277 3506; x_wconf 88' lang='lat' dir='ltr'>praestantiam</span> <span class='ocrx_word' id='word_1_278' title='bbox 1307 3423 1409 3487; x_wconf 89' lang='lat' dir='ltr'>sohde</span> 
     </span>
     <span class='ocr_line' id='line_1_36' title="bbox 176 3508 1409 3594; baseline -0.005 -17"><span class='ocrx_word' id='word_1_279' title='bbox 176 3513 320 3594; x_wconf 91' lang='lat' dir='ltr'>probare</span> <span class='ocrx_word' id='word_1_280' title='bbox 336 3517 368 3576; x_wconf 91' lang='lat' dir='ltr'>et</span> <span class='ocrx_word' id='word_1_281' title='bbox 390 3510 560 3577; x_wconf 90' lang='lat' dir='ltr'>ostendere</span> <span class='ocrx_word' id='word_1_282' title='bbox 583 3510 645 3574; x_wconf 90' lang='lat' dir='ltr'>sibi</span> <span class='ocrx_word' id='word_1_283' title='bbox 666 3510 848 3590; x_wconf 90' lang='lat' dir='ltr'>proposuit,</span> <span class='ocrx_word' id='word_1_284' title='bbox 874 3511 1034 3575; x_wconf 87' lang='lat' dir='ltr'>Judaismi</span> <span class='ocrx_word' id='word_1_285' title='bbox 1055 3510 1205 3574; x_wconf 87' lang='lat' dir='ltr'>instituta</span> <span class='ocrx_word' id='word_1_286' title='bbox 1224 3529 1287 3573; x_wconf 91' lang='lat' dir='ltr'>non</span> <span class='ocrx_word' id='word_1_287' title='bbox 1309 3508 1409 3572; x_wconf 92' lang='lat' dir='ltr'>conti-</span> 
     </span>
     <span class='ocr_line' id='line_1_37' title="bbox 176 3593 1409 3676; baseline -0.004 -15"><span class='ocrx_word' id='word_1_288' title='bbox 176 3616 273 3676; x_wconf 90' lang='lat' dir='ltr'>nere,</span> <span class='ocrx_word' id='word_1_289' title='bbox 289 3597 351 3661; x_wconf 91' lang='lat' dir='ltr'>nisi</span> <span class='ocrx_word' id='word_1_290' title='bbox 365 3595 528 3675; x_wconf 91' lang='lat' dir='ltr'>umbram,</span> <span class='ocrx_word' id='word_1_291' title='bbox 552 3595 696 3676; x_wconf 89' lang='lat' dir='ltr'>symbola</span> <span class='ocrx_word' id='word_1_292' title='bbox 711 3599 744 3659; x_wconf 94' lang='lat' dir='ltr'>et</span> <span class='ocrx_word' id='word_1_293' title='bbox 754 3600 853 3674; x_wconf 90' lang='lat' dir='ltr'>typos</span> <span class='ocrx_word' id='word_1_294' title='bbox 869 3613 979 3659; x_wconf 91' lang='lat' dir='ltr'>eorum</span> <span class='ocrx_word' id='word_1_295' title='bbox 992 3595 1162 3673; x_wconf 90' lang='lat' dir='ltr'>bonorum,</span> <span class='ocrx_word' id='word_1_296' title='bbox 1191 3612 1274 3674; x_wconf 91' lang='lat' dir='ltr'>quae</span> <span class='ocrx_word' id='word_1_297' title='bbox 1288 3593 1321 3657; x_wconf 95' lang='lat' dir='ltr'>in</span> <span class='ocrx_word' id='word_1_298' title='bbox 1335 3593 1409 3658; x_wconf 94' lang='lat' dir='ltr'>reli-</span> 
     </span>
     <span class='ocr_line' id='line_1_38' title="bbox 178 3678 1408 3763; baseline -0.004 -17"><span class='ocrx_word' id='word_1_299' title='bbox 178 3683 276 3763; x_wconf 90' lang='lat' dir='ltr'>gione</span> <span class='ocrx_word' id='word_1_300' title='bbox 291 3681 465 3746; x_wconf 88' lang='lat' dir='ltr'>christiana</span> <span class='ocrx_word' id='word_1_301' title='bbox 479 3699 592 3744; x_wconf 87' lang='lat' dir='ltr'>revera</span> <span class='ocrx_word' id='word_1_302' title='bbox 606 3680 810 3760; x_wconf 90' lang='lat' dir='ltr'>praebentur.</span> <span class='ocrx_word' id='word_1_303' title='bbox 855 3678 936 3743; x_wconf 91' lang='lat' dir='ltr'>Cum</span> <span class='ocrx_word' id='word_1_304' title='bbox 951 3679 1104 3744; x_wconf 89' lang='lat' dir='ltr'>doctrinis</span> <span class='ocrx_word' id='word_1_305' title='bbox 1119 3679 1304 3744; x_wconf 88' lang='lat' dir='ltr'>theoreticis</span> <span class='ocrx_word' id='word_1_306' title='bbox 1319 3678 1357 3742; x_wconf 88' lang='lat' dir='ltr'>V.</span> <span class='ocrx_word' id='word_1_307' title='bbox 1373 3679 1408 3742; x_wconf 90' lang='lat' dir='ltr'>F.</span> 
     </span>
    </p>
   </div>
   <div class='ocr_carea' id='block_1_7' title="bbox 178 3762 1495 3844">
    <p class='ocr_par' dir='ltr' id='par_1_9' title="bbox 178 3762 1495 3844">
     <span class='ocr_line' id='line_1_39' title="bbox 178 3762 1495 3844; baseline -0.006 -14"><span class='ocrx_word' id='word_1_308' title='bbox 178 3765 324 3830; x_wconf 82' lang='lat' dir='ltr'>subnixis</span> <span class='ocrx_word' id='word_1_309' title='bbox 339 3771 453 3831; x_wconf 91' lang='lat' dir='ltr'>auctor</span> <span class='ocrx_word' id='word_1_310' title='bbox 468 3783 580 3830; x_wconf 86' lang='lat' dir='ltr'>severa</span> <span class='ocrx_word' id='word_1_311' title='bbox 596 3764 757 3844; x_wconf 85' lang='lat' dir='ltr'>conjunxit</span> <span class='ocrx_word' id='word_1_312' title='bbox 770 3764 900 3843; x_wconf 90' lang='lat' dir='ltr'>monita,</span> <span class='ocrx_word' id='word_1_313' title='bbox 917 3783 999 3844; x_wconf 92' lang='lat' dir='ltr'>quae</span> <span class='ocrx_word' id='word_1_314' title='bbox 1015 3764 1057 3828; x_wconf 95' lang='lat' dir='ltr'>ad</span> <span class='ocrx_word' id='word_1_315' title='bbox 1071 3762 1213 3828; x_wconf 89' lang='lat' dir='ltr'>infirmos</span> <span class='ocrx_word' id='word_1_316' title='bbox 1229 3763 1410 3828; x_wconf 77' lang='lat' dir='ltr'>confortari·</span> <span class='ocrx_word' id='word_1_317' title='bbox 1492 3817 1495 3822; x_wconf 87' lang='lat'><em>.</em></span> 
     </span>
    </p>
   </div>
   <div class='ocr_carea' id='block_1_8' title="bbox 176 3848 1410 4185">
    <p class='ocr_par' dir='ltr' id='par_1_10' title="bbox 176 3848 1410 4185">
     <span class='ocr_line' id='line_1_40' title="bbox 179 3848 1409 3931; baseline -0.002 -16"><span class='ocrx_word' id='word_1_318' title='bbox 179 3852 256 3930; x_wconf 75' lang='lat' dir='ltr'>doS,</span> <span class='ocrx_word' id='word_1_319' title='bbox 282 3851 326 3915; x_wconf 90' lang='lat' dir='ltr'>ad</span> <span class='ocrx_word' id='word_1_320' title='bbox 347 3868 477 3931; x_wconf 91' lang='lat' dir='ltr'>pressos</span> <span class='ocrx_word' id='word_1_321' title='bbox 497 3850 666 3931; x_wconf 83' lang='lat' dir='ltr'>erigendos</span> <span class='ocrx_word' id='word_1_322' title='bbox 689 3854 722 3914; x_wconf 92' lang='lat' dir='ltr'>et</span> <span class='ocrx_word' id='word_1_323' title='bbox 739 3849 782 3912; x_wconf 90' lang='lat' dir='ltr'>ad</span> <span class='ocrx_word' id='word_1_324' title='bbox 798 3848 973 3913; x_wconf 89' lang='lat' dir='ltr'>salutarem</span> <span class='ocrx_word' id='word_1_325' title='bbox 986 3849 1134 3914; x_wconf 90' lang='lat' dir='ltr'>timorem</span> <span class='ocrx_word' id='word_1_326' title='bbox 1150 3848 1296 3914; x_wconf 89' lang='lat' dir='ltr'>omnibus</span> <span class='ocrx_word' id='word_1_327' title='bbox 1310 3849 1409 3929; x_wconf 88' lang='lat' dir='ltr'>inspi-</span> 
     </span>
     <span class='ocr_line' id='line_1_41' title="bbox 178 3933 1410 4030; baseline -0.002 -30"><span class='ocrx_word' id='word_1_328' title='bbox 178 3936 318 4000; x_wconf 89' lang='lat' dir='ltr'>randum</span> <span class='ocrx_word' id='word_1_329' title='bbox 333 3935 470 4000; x_wconf 85' lang='lat' dir='ltr'>maxime</span> <span class='ocrx_word' id='word_1_330' title='bbox 484 3935 600 4000; x_wconf 91' lang='lat' dir='ltr'>idonea</span> <span class='ocrx_word' id='word_1_331' title='bbox 620 3938 719 3998; x_wconf 87' lang='lat' dir='ltr'>erant.</span> <span class='ocrx_word' id='word_1_332' title='bbox 734 3968 777 3976; x_wconf 95' lang='lat'><strong>—</strong></span> <span class='ocrx_word' id='word_1_333' title='bbox 790 3933 940 4030; x_wconf 66' lang='grc'><strong>1111111111</strong></span> <span class='ocrx_word' id='word_1_334' title='bbox 955 3933 1034 3998; x_wconf 89' lang='lat' dir='ltr'>haec</span> <span class='ocrx_word' id='word_1_335' title='bbox 1051 3935 1100 4013; x_wconf 86' lang='lat'>13,</span> <span class='ocrx_word' id='word_1_336' title='bbox 1116 3934 1166 3997; x_wconf 78' lang='lat'>22.</span> <span class='ocrx_word' id='word_1_337' title='bbox 1183 3934 1301 3997; x_wconf 89' lang='lat' dir='ltr'>dicitur</span> <span class='ocrx_word' id='word_1_338' title='bbox 1313 3934 1410 4029; x_wconf 62' lang='grc' dir='ltr'><strong><em>λόχος</em></strong></span> 
     </span>
     <span class='ocr_line' id='line_1_42' title="bbox 176 4019 1409 4185; baseline -0.005 -15"><span class='ocrx_word' id='word_1_339' title='bbox 176 4019 1016 4185; x_wconf 59' lang='lat' dir='ltr'>tltststttlsa{thtllltltht.‘ll</span> <span class='ocrx_word' id='word_1_340' title='bbox 1130 4023 1319 4100; x_wconf 47' lang='lat' dir='ltr'>limem</span> <span class='ocrx_word' id='word_1_341' title='bbox 1339 4035 1409 4097; x_wconf 64' lang='lat'>²³⁰³</span> 
     </span>
    </p>
   </div>
   <div class='ocr_carea' id='block_1_9' title="bbox 0 0 1718 5180">
    <p class='ocr_par' dir='ltr' id='par_1_11' title="bbox 0 0 1718 5180">
     <span class='ocr_line' id='line_1_43' title="bbox 0 0 1718 5180; baseline 0 1"><span class='ocrx_word' id='word_1_342' title='bbox 0 0 1718 5180; x_wconf 95' lang='lat' dir='ltr'> </span> 
     </span>
    </p>
   </div>
  </div>
 </body>
</html>
