3364 5156
768 325 832 332 -—
878 288 1053 354 220—-

294 459 477 526 testimonio
494 447 601 526 c'oram
616 459 756 541 synedrii
769 457 886 541 legatis
901 471 934 524 ec
948 469 1056 525 coram
1070 457 1236 539 discipulis
1252 457 1348 537 edito,
1364 476 1428 539 quo
1443 458 1522 524 moti

293 546 441 612 Andreas
456 550 490 610 et
503 545 525 610 J
526 564 653 625 oannes,
667 545 743 610 dein
758 545 866 610 Simon
881 543 1007 624 Petrus,
1022 543 1190 625 Philippus
1205 547 1239 609 et
1250 542 1431 609 Nathanatl
1442 544 1523 609 Jesu

294 649 367 696 sese
392 631 568 710 associant,
596 649 669 696 eum
689 631 723 694 iu
745 630 922 694 Galilaeam
946 630 1153 709 comitantur,
1180 628 1297 694 infide
1317 630 1429 694 suain
1449 649 1522 695 eum

293 716 449 781 miraculo
474 715 581 782 Canae
610 722 739 797 patrato
769 714 1004 782 confirmantur.
1047 714 1145 780 Brevi
1173 720 1249 795 post
1277 714 1374 780 Jesus
1402 713 1542 780 festum·

294 800 446 882 paschale
457 801 688 882 Hierosolymis
701 801 866 867 celebrans
879 799 1028 882 etemplo
1040 804 1183 866 ementes
1195 805 1228 865 et
1239 800 1413 866 vendentes
1426 801 1523 882 ejicit,

294 887 336 952 de
350 887 471 968 templo
486 886 630 968 corporis
645 887 695 952 sui
710 887 906 952 destruendo
921 890 954 952 et
967 885 1072 950 tribus
1095 885 1209 951 diebus
1232 885 1400 974 excitando
1418 886 1524 967 loqui-

292 977 363 1052 tur;
379 973 419 1036 ob
436 972 591 1038 miracula
604 977 735 1054 patrata
749 972 842 1036 multi
855 972 888 1036 in
903 991 976 1038 eum
991 971 1126 1037 credunt
1142 972 1169 1051 l,
1186 971 1300 1036 19-2.
1315 969 1368 1035 fin.

379 1056 573 1122 Nicodemus
591 1063 689 1123 noctu
710 1058 753 1123 ad
773 1059 886 1123 Jesum
905 1057 1036 1123 veniens
1056 1057 1206 1136 docetur,
1233 1056 1275 1121 ad
1297 1056 1464 1122 introitum
1491 1057 1526 1120 in

293 1162 429 1225 regnum
443 1143 585 1208 divinum
600 1143 814 1209 necessariam
830 1162 901 1209 esse
915 1143 1190 1224 regenerationem
1205 1159 1243 1206 ex
1258 1160 1344 1222 aqua
1355 1146 1388 1207 et
1399 1141 1526 1223 Spiritu

295 1247 330 1308 s,
346 1233 380 1293 et
394 1228 500 1294 Deum
515 1248 553 1294 ex
568 1248 677 1295 amore
690 1229 853 1294 hominum
869 1229 1042 1294 tradidisse
1057 1227 1182 1307 Filium,
1198 1232 1235 1291 ut
1250 1228 1367 1307 omnis,
1383 1226 1439 1308 qui
1454 1245 1526 1292 cre-

295 1313 352 1393 dit,
369 1313 468 1378 vitam
483 1314 602 1380 habeat
616 1323 790 1380 aeternam.
823 1315 919 1380 Dicta
934 1313 955 1378 J
956 1332 1075 1379 oannes
1089 1314 1200 1394 paucis
1216 1312 1347 1394 exponit
1360 1315 1389 1392 3,
1407 1313 1527 1377 1-21.

380 1398 478 1464 Festo
493 1404 624 1480 peracto
640 1401 661 1465 J
663 1419 737 1465 esus
751 1400 784 1465 in
798 1400 913 1465 vicinia
928 1400 949 1464 J
951 1399 1080 1464 ordanis
1096 1416 1294 1464 commorans
1308 1417 1368 1482 per
1382 1398 1527 1480 discipu-

293 1483 342 1548 los
365 1501 441 1548 suos
465 1484 623 1565 baptizat;
648 1484 780 1550 Joannis
795 1485 890 1567 Bapt.
913 1485 1062 1566 discipuli
1083 1485 1144 1550 hac
1166 1486 1263 1551 dere
1285 1489 1529 1566 conquenmtur

295 1586 404 1633 coram
419 1570 582 1650 magistro,
599 1572 654 1652 qui
669 1572 773 1637 denuo
789 1571 856 1636 edit
871 1572 912 1636 de
927 1572 948 1636 J
949 1588 1007 1636 esu
1021 1570 1239 1636 testimonium
1254 1570 1284 1649 3,
1299 1569 1436 1634 22-36.

382 1653 462 1720 Cum
477 1656 573 1721 Jesus
593 1656 788 1722 asseclarum
807 1675 940 1722 numero
955 1656 1202 1720 Pharisaeorum
1225 1655 1398 1721 excitasset
1417 1659 1528 1720 atten-

294 1739 429 1820 tionem,
456 1760 515 1822 per
530 1741 707 1807 Samariam
722 1742 790 1806 abit
805 1743 837 1807 in
853 1741 1046 1821 Galilaeam,
1074 1759 1147 1806 cum
1170 1741 1304 1806 muliere
1320 1741 1529 1806 Samaritana

294 1824 478 1907 colloquens
494 1845 528 1892 se
544 1828 696 1894 Messiam
712 1847 783 1893 esse
804 1827 991 1909 profitetur,
1019 1832 1052 1891 et
1073 1826 1171 1892 biduo
1194 1828 1226 1891 in
1250 1826 1379 1891 civitate
1396 1826 1529 1891 Siohem

293 1929 424 1975 manens
439 1911 576 1978 Messias
591 1914 775 1995 agnoscitur
789 1915 819 1993 4,
837 1913 950 1976 1-42.
985 1913 1021 1977 ln
1037 1911 1182 1977 Galilaea
1196 1911 1217 1977 J
1219 1930 1294 1976 esus
1308 1911 1390 1977 bene
1406 1911 1530 1992 excipi-

292 1995 544 2146 ‘tirfflbibidem
564 1998 701 2064 alterum
721 1999 910 2064 miraculum
935 1999 968 2066 in
990 1997 1065 2074 filio,
1078 1997 1214 2062 hominis
1239 1996 1336 2062 aulici
1360 2003 1472 2078 patrat
1495 1997 1529 2076 4,

379 2166 476 2232 lesus
501 2167 545 2231 ad
569 2166 687 2233 festum
713 2169 912 2234 ludaeorum
937 2168 1041 2234 denuo
1066 2168 1154 2233 uenit
1178 2167 1453 2248 Hierosolymam
1484 2166 1529 2231 ob

293 2255 461 2331 aegrotum
476 2252 611 2317 sabbato
627 2259 774 2318 sanatum
788 2254 821 2318 in
836 2255 921 2319 vitae
936 2254 1078 2335 periculo
1093 2257 1256 2332 versatur;
1279 2271 1410 2318 causam
1432 2270 1531 2316 suam

294 2334 438 2401 defendit
452 2338 610 2417 docendo,
638 2357 673 2404 se
695 2358 767 2405 esse
781 2339 897 2404 Filium
912 2339 990 2419 Dei,
1016 2338 1108 2404 Patri
1127 2338 1310 2420 aequalem,
1338 2356 1410 2403 cum
1426 2336 1531 2402 Patre

294 2426 497 2502 operantem;
528 2441 563 2488 se
591 2428 754 2504 potestate
783 2425 966 2506 praeditum
995 2443 1067 2490 esse
1096 2424 1219 2509 maj0ra
1243 2424 1349 2488 adhuc
1372 2423 1530 2504 patrandi

294 2507 464 2586 miracula,
495 2514 638 2574 mortuos
664 2510 839 2575 suscitandi
864 2515 897 2575 et
919 2509 1101 2592 judicandi3
1130 2508 1216 2575 faeta
1245 2528 1304 2574 sua
1334 2514 1367 2575 et
1397 2525 1531 2574 sacram

295 2592 489 2673 scripturam
505 2593 566 2658 sibi
580 2595 797 2660 testimonium
812 2596 948 2661 reddere
964 2615 989 2660 c.
1005 2597 1034 2660 ὁ.

336 2687 341 2697 ·
381 2676 538 2759 Tempore
563 2679 779 2762 subsequente
804 2681 901 2747 Jesus
926 2681 959 2745 in
985 2681 1130 2746 Galilaea
1149 2697 1281 2744 versans
1307 2684 1383 2744 aute
1403 2677 1530 2743 festum

293 2763 434 2843 paschae
448 2783 596 2846 magnam
610 2766 772 2831 hominum
787 2767 916 2831 turbam
930 2767 1042 2848 paucis
1057 2766 1193 2847 panibus
1209 2771 1242 2830 et
1256 2764 1419 2846 pisciculis
1434 2769 1529 2828 satu-

293 2851 346 2912 rat
370 2848 403 2913 iu
429 2849 574 2930 deserto,
609 2851 684 2918 inde
710 2852 814 2918 altera
839 2853 891 2918 die
923 2852 1121 2918 occasionem
1150 2850 1268 2931 repetit
1296 2849 1328 2914 in
1358 2867 1530 2931 synagoga

295 2932 531 3014 Capharnaumi
549 2937 590 3002 de
612 2956 647 3002 se
669 2957 752 3019 pane
772 2957 849 3003 vere
868 2937 1000 3002 coelesti
1022 2937 1116 3002 etde
1137 2955 1232 3001 carne
1253 2940 1352 3016 atque
1367 2934 1529 3016 sanguine

294 3037 352 3084 suo
367 3019 400 3083 in
415 3021 521 3085 cibum
536 3028 569 3086 et
583 3028 695 3102 potum
710 3024 825 3088 dando.
871 3022 1161 3104 Capharnaumitae
1182 3021 1243 3086 hoc
1265 3039 1412 3086 sermone
1431 3038 1529 3085 scan-

294 3103 488 3185 dalizantur,
515 3106 607 3171 multi
632 3108 862 3189 discipulorum
887 3108 999 3172 offensi
1024 3108 1157 3188 abeunt,
1184 3106 1301 3172 Petrus
1326 3124 1403 3171 uero
1425 3104 1530 3170 fidem

293 3208 386 3254 suam
400 3195 540 3256 testatur
555 3210 580 3256 o.
596 3193 625 3256 6,

379 3276 476 3341 Jesus
491 3276 595 3341 medio
611 3276 694 3343 festo
708 3277 988 3343 tabernaculorum
1003 3277 1259 3358 Hierosolymam
1273 3276 1376 3356 venit,
1400 3279 1433 3340 et
1456 3294 1529 3341 ser-

293 3361 441 3426 monibus
456 3363 524 3426 suis
539 3362 652 3426 turbas
666 3362 699 3427 in
713 3363 958 3428 admirationem
973 3363 1101 3444 abripit,
1117 3364 1296 3427 doctrinam
1311 3380 1403 3426 suam
1418 3380 1438 3426 a
1452 3362 1528 3427 Deo

294 3465 366 3544 csse
381 3444 529 3545 affirmat,
546 3449 633 3530 quod
647 3449 765 3546 partim
780 3466 946 3513 assensum
960 3449 1089 3527 invenit,
1104 3449 1223 3530 partim
1239 3446 1529 3544 contradictionem

293 3531 1527 3714 tslttltttttdttsttttttttttltttttlalllttt

294 3701 412 3766 clauus
427 3703 532 3768 adhuc
546 3705 587 3769 de
602 3723 637 3769 se
653 3709 808 3784 testatur,
823 3705 963 3770 asseclas
979 3723 1055 3769 suos
1069 3705 1112 3768 ad
1125 3703 1400 3786 perseverantiam
1413 3703 1528 3767 horta-

294 3790 357 3865 tur,
374 3792 457 3852 etse
473 3807 527 3853 eos
540 3789 752 3854 liberaturum
768 3808 839 3854 esse
853 3790 1022 3870 promittit.
1056 3790 1077 3854 J
1078 3789 1190 3854 udaeis
1206 3788 1334 3855 offensis
1349 3793 1382 3852 et
1397 3793 1528 3852 contra-

295 3871 475 3936 dicentibus
490 3873 510 3936 J
513 3891 586 3938 esus
601 3875 790 3956 dignitatem
805 3875 945 3940 divinam
960 3875 1145 3940 clarissimis
1159 3875 1266 3940 verbis
1289 3873 1351 3940 sibi
1372 3873 1526 3952 vindicat,

295 3962 328 4022 et
344 3957 419 4022 ideo
435 3957 642 4038 lapidationis
656 3959 833 4041 periculum
847 3961 982 4026 incurrit
997 3979 1022 4025 c.
1040 3961 1068 4024 7.
1084 3961 1113 4024 8.

381 4042 402 4108 J
404 4061 478 4108 esus
494 4061 587 4108 coeco
603 4064 623 4108 a
638 4046 807 4110 nativitate
821 4046 926 4110 visum
941 4046 1054 4125 donat,
1070 4045 1259 4110 miraculum
1272 4045 1333 4109 hoc
1348 4043 1527 4107 accuratis-

293 4129 374 4194 sime
400 4129 600 4193 examinatur
625 4135 658 4194 et
684 4131 714 4195 ei
739 4131 938 4196 occasionem
958 4131 1094 4212 praebet
1114 4130 1246 4195 uberius
1269 4127 1460 4210 exponendi,
1488 4146 1527 4192 se

293 4215 393 4363 vitam
415 4213 527 4296 largiri
549 4215 684 4295 cunctis,
711 4216 767 4296 qui
789 4215 897 4281 Patris
920 4216 1026 4298 gratia
1045 4215 1181 4281 firmiter
1201 4214 1264 4296 ipsi
1283 4214 1482 4279 adhaereant
1496 4231 1526 4278 c.

381 4384 566 4450 Sententiae
595 4385 635 4450 de
661 4385 742 4449 Jesu
772 4386 951 4452 contrariae
981 4386 1098 4451 clarius
1125 4385 1380 4451 manifestantur.
1424 4384 1526 4449 Festo

294 4470 517 4534 encaeniorum
531 4469 650 4535 Judaei
664 4470 685 4534 J
687 4488 776 4535 esum
791 4475 981 4552 provocant,
1004 4477 1041 4536 ut
1055 4472 1140 4537 clare
1155 4472 1273 4550 edicat,
1288 4489 1365 4535 num
1379 4469 1423 4534 sit
1438 4469 1527 4534 Mes-

295 4552 369 4618 sias.
392 4554 414 4620 J
415 4573 489 4620 esus
503 4555 564 4620 hoc
577 4555 625 4620 ita
639 4552 794 4635 affirmat,
810 4562 847 4620 ut
862 4575 897 4622 se
912 4556 975 4622 Dei
988 4555 1104 4622 Filium
1119 4575 1191 4622 esse
1205 4556 1349 4622 declaret
1363 4555 1435 4636 pari
1450 4572 1526 4619 cum
