3314 5166
683 313 1084 390 -115-.

773 531 801 613 5.
826 533 876 598 78.

210 667 240 731 ⁸»
265 666 359 734 nisa
375 669 461 734 aaa
472 668 515 730 Ν,
527 669 560 736 u.
575 669 782 736 nasutium
799 682 873 736 eoru
888 669 1026 736 eliseum
1038 669 1101 738 eds
1113 670 1211 746 digna
1222 671 1382 740 petitione
1395 671 1436 723 as

660 753 804 820 locorum
815 752 987 820 affidasse.

295 907 331 972 Si
345 907 484 975 locorum
499 907 651 992 adjuncta
665 906 918 986 consideremus:
1282 967 1284 970 .

295 991 329 1073 a)
344 991 376 1056 in
391 991 429 1055 N.
444 991 479 1055 T.
494 992 585 1057 libris
601 991 805 1056 Palaestinae
812 993 1013 1076 panormiae:
1027 991 1162 1074 Judaea,
1179 992 1334 1072 Samaria,
1351 993 1438 1075 Gali·

203 1075 289 1156 laea,
305 1077 437 1157 Peraea,
458 1077 659 1142 Trachonitis
675 1083 708 1142 et
721 1077 853 1142 Ituraea
867 1112 909 1120 —
925 1077 1056 1143 eaedem
1072 1082 1105 1142 et
1120 1078 1232 1142 eodem
1246 1079 1340 1142 modo
1356 1079 1439 1144 sitae

204 1167 510 1241 commemorantur,
533 1166 570 1226 ut
589 1163 676 1243 apud
695 1163 716 1226 J
718 1161 872 1242 osophum
892 1161 979 1226 Flam
996 1161 1046 1240 (Β.
1059 1163 1081 1244 j.
1098 1163 1127 1241 3,
1143 1163 1172 1226 3.
1201 1162 1275 1226 Ant.
1293 1165 1320 1242 1,
1338 1163 1365 1226 7.
1387 1161 1437 1242 17,

205 1248 237 1326 1,
259 1246 332 1328 10.),
347 1247 435 1328 apud
450 1247 596 1322 Tacitum
610 1248 684 1312 hist.
700 1248 729 1328 2,
747 1247 777 1312 6.
794 1247 1048 1332 Strabonemquc
1062 1247 1132 1317 libr.
1151 1248 1198 1326 16.

294 1331 330 1412 b)
356 1331 502 1395 Lalttudo
522 1332 612 1396 lacus
632 1329 846 1397 Gennesarctlr
856 1329 941 1414 (coll.
958 1331 979 1400 J
981 1351 1007 1398 0.
1024 1331 1053 1411 6,
1072 1333 1120 1395 19.
1145 1351 1216 1396 cum
1231 1327 1288 1396 Mt.
1307 1331 1355 1411 14,
1372 1331 1437 1413 24.)

198 1415 257 1479 ita
272 1415 436 1496 definitur,
459 1421 496 1480 ut
511 1436 530 1480 a
544 1416 611 1482 ios.
627 1417 674 1482 Fl.
689 1415 762 1484 bell.
774 1417 797 1499 j.
814 1419 843 1497 3,
860 1418 909 1482 10.
926 1417 945 1480 7
948 1437 969 1497 .;
992 1417 1146 1482 distantia
1161 1417 1270 1498 oppidi
1285 1416 1438 1482 Emmaus

199 1500 251 1569 ab
266 1501 498 1582 Hierosolymis
512 1503 588 1570 Luc.
603 1502 655 1584 24,
672 1504 722 1572 13.
737 1507 774 1576 ut
787 1502 860 1570 bell.
873 1503 895 1583 j.
913 1502 941 1584 7,
957 1503 986 1568 6.
1003 1503 1031 1566 6.
1053 1506 1087 1568 et
1106 1502 1188 1569 situs
1208 1501 1356 1586 ignobilis
1376 1501 1438 1566 loci

197 1585 379 1668 Betphage
394 1586 465 1667 (Mt.
480 1588 532 1667 21,
548 1588 574 1652 1.
597 1589 657 1658 Mr.
671 1589 720 1668 11,
737 1591 762 1652 Ι.
786 1589 861 1660 Luc.
879 1588 928 1666 19,
942 1587 1016 1669 aa),
1034 1587 1116 1668 utin
1132 1585 1270 1670 Gomara
1284 1586 1389 1668 babyl.
1405 1586 1439 1652 in

199 1675 353 1748 tractatu
369 1672 548 1738 Sanhedrin
561 1691 588 1741 o.
607 1675 633 1747 1.
649 1672 677 1756 ἓ.
693 1675 722 1740 3.
738 1671 798 1753 (Cf.
814 1673 898 1754 Hug.
915 1674 938 1737 l.
954 1691 1027 1756 pag.
1044 1672 1109 1753 18.)

297 1757 327 1839 e)
352 1755 595 1842 Captarnaami
607 1772 634 1822 ct
649 1759 831 1825 renatare
844 1759 939 1823 malti
951 1769 1168 1841 supponantur
1180 1757 1350 1843 portlocan
1365 1756 1437 1836 (Mt.

198 1841 240 1922 9,
257 1841 285 1908 9.
304 1844 351 1908 10.
379 1843 439 1917 Mr.
454 1844 485 1922 2,
502 1841 551 1908 14.
581 1843 657 1908 Luc.
672 1844 702 1924 5,
718 1843 770 1912 27.
785 1843 836 1908 29,
861 1843 910 1922 19,
932 1843 979 1924 1.).
1023 1842 1132 1920 Etiam
1146 1841 1295 1911 lustinus
1311 1840 1357 1922 (in
1373 1842 1438 1926 epi·

197 1930 297 1992 tome
312 1927 410 2010 Trogi
424 1927 549 2010 Pomp.)
565 1927 634 1995 libr.
651 1929 701 1994 36.
718 1947 742 1993 c.
759 1931 788 1994 3.
809 1928 899 1995 dicit:
925 1928 1031 2012 „Opes
1051 1929 1154 2011 penta
1176 1949 1215 1992 aa
1235 1927 1439 2011 veetr‘palr'tna

196 2011 420 2096 opobalsami,
444 2013 529 2096 quod
547 2015 581 2081 ιἰι
603 2013 652 2077 trs
674 2027 794 2081 tantum
815 2013 992 2098 reproaches
1013 2009 1268 2095 (Jericlraatiarlr)
1286 2011 1440 2120 papatiam

197 2103 362 2164 arenae.1
406 2095 522 2167 Strabo
537 2117 612 2167 vero
628 2098 674 2163 ait
688 2098 741 2163 lib.
758 2098 823 2164 16.:
852 2098 916 2164 Τὸν
931 2095 1045 2165 Λύκον
1059 2095 1113 2163 καὶ
1128 2091 1350 2184 chalcedonae
1365 2119 1440 2176 arc-
1538 2163 1541 2169 .

199 2182 350 2252 πλέουσι
375 2180 525 2272 φορτίοις
542 2179 689 2272 Ἀράδιοι
712 2183 861 2269 μάλιστα.
914 2181 994 2252 Cum
1019 2181 1177 2260 «Iordanes
1202 2200 1265 2246 non
1286 2179 1439 2264 procula

200 2267 456 2350 Capharnaumo
491 2268 597 2337 lacum
626 2267 846 2335 Gennesareth
877 2267 1115 2350 ingrederetur:
1158 2271 1296 2348 utraque
1326 2264 1438 2330 civitas

199 2353 483 2436 opportunissima
499 2358 569 2418 erat
584 2353 677 2418 sedes
692 2373 811 2434 eorum,
828 2353 883 2434 qui
898 2351 1068 2434 vectigaha
1083 2349 1260 2435 exigebant.

297 2439 332 2522 d)
347 2439 379 2504 S.
391 2438 512 2504 Paulus
523 2439 593 2504 Act.
606 2439 657 2518 21,
667 2439 717 2503 39.
737 2439 871 2502 Tarsam
881 2443 975 2503 vocat
990 2433 1048 2504 οὐκ
1062 2433 1188 2523 ἄσημον
1203 2435 1311 2518 πόλιν,
1326 2434 1439 2504 eodem

198 2523 305 2588 modo
321 2525 341 2588 J
344 2542 388 2588 os,
404 2523 450 2587 Fl.
466 2524 540 2587 Ant.
558 2525 586 2602 1,
603 2524 629 2599 l.
647 2542 717 2588 eam
732 2524 810 2590 dicit
824 2523 858 2588 a*
895 2519 1038 2604 ἀξιωιάτ
1059 2526 1145 2609 areg
1160 2517 1308 2600 Κιλικίας
1322 2517 1438 2607 μητρό·

198 2609 319 2690 πολιν,
345 2612 380 2674 et
404 2609 592 2686 Ammianus
614 2609 819 2674 Marcellinus
860 2607 899 2672 'b.
924 2607 973 2672 14.
995 2625 1020 2672 c.
1039 2547 1088 2671 t:
1116 2605 1290 2688 „Uilleium
1319 2605 1439 2668 Tarans

199 2692 366 2774 metita,
382 2695 457 2758 alba
465 2693 726 2778 perspiaahr'lclef‘
1413 2744 1416 2750 .

298 2781 329 2861 a)
347 2779 432 2844 Dum
447 2779 532 2845 idem
543 2778 718 2860 Apostolus
732 2777 860 2842 Attenia
874 2777 1081 2862 philosophos
1097 2781 1129 2840 et
1144 2793 1234 2844 aram
1249 2776 1321 2860 θεῷ
1337 2769 1439 2857 dyoni-

195 2885 279 2961 aaa
294 2865 435 2962 dicatam
448 2864 607 2962 invenisse
621 2864 739 3012 legissnr
749 2862 883 3012 Acltblg,
896 2863 1143 3010 23t.,cconsensus
1158 2858 1353 3006 wlsffiiicitm
1368 2876 1440 2930 cnm

201 2948 509 3101 attentent
523 2950 892 3113 entreats..
907 2963 1134 3127 Sallttt
1150 2961 1229 3092 e.
1243 2959 1440 3108 attilii}

200 3121 245 3186 in
266 3120 333 3186 vita
352 3119 512 3203 Apollonii
530 3119 583 3201 lib.
600 3121 628 3183 6.
644 3137 670 3184 c.
686 3120 715 3184 3.
737 3125 769 3184 et
783 3119 928 3200 Diogene
947 3117 1077 3180 Laertro
1092 3113 1145 3177 hb.
1164 3113 1190 3176 1.
1207 3116 1283 3178 sect.
1303 3112 1349 3175 10.
1365 3108 1441 3214 ’71η

203 3205 267 3313 nel
282 3209 337 3273 νῦν
362 3205 449 3274 ἐστιν
467 3201 570 3293 εὑρεῖν
588 3204 671 3270 κατὰ
685 3204 762 3283 τοὺς
786 3203 909 3293 δήμους
927 3205 994 3268 τῶν
1009 3193 1198 3288 Ἀθηναίων
1218 3195 1343 3282 ,copone
1364 3219 1440 3262 avo·

199 3315 340 3456 moll·
350 3374 420 3440 Act.
438 3374 487 3454 13,
504 3374 531 3438 7.
547 3374 665 3440 mentio
681 3372 718 3437 fit
733 3371 840 3458 Serpit
850 3370 954 3435 Pauli
954 3418 964 3450 ,
979 3367 1102 3467 {malae
1119 3364 1224 3463 Cypra:
1232 3361 1405 3450 proconsul
1432 3409 1441 3428 .

204 3459 295 3526 (inm
309 3460 370 3524 Dio
387 3458 518 3526 Cassius
532 3463 650 3540 narret,
667 3457 808 3540 Cyprum
824 3474 895 3522 cum
908 3453 1012 3520 Gallia
1025 3450 1225 3516 Narbonensr
1240 3449 1280 3514 ab
1292 3449 1444 3546 Augusto·

207 3563 398 3612 concessam
410 3563 481 3610 esse
491 3544 616 3609 senatui
631 3543 664 3607 in
678 3543 784 3608 locum
794 3541 985 3618 Dalmatiae,
1001 3553 1202 3603 successores
1214 3553 1289 3600 vero
1300 3535 1441 3618 Augusti

206 3631 275 3708 hae
288 3631 321 3696 in
334 3649 371 3694 rc
381 3629 591 3696 mutationem
606 3648 668 3695 non
682 3627 832 3695 fecerint:
848 3625 945 3691 etiam
958 3624 991 3688 in
1005 3624 1066 3687 hac
1080 3640 1116 3686 re
1127 3638 1316 3691 consensum
1327 3617 1443 3684 adesse
1520 3676 1522 3680 .

206 3715 442 3797 cognoscimus.
1299 3788 1305 3800 ¹

300 3802 335 3882 g)
357 3801 427 3864 Act.
446 3800 494 3879 18,
512 3799 600 3864 ras.
621 3799 741 3863 Paulus
763 3791 969 3860 Corinthiaci
988 3790 1180 3871 Gallionem,
1205 3790 1347 3870 AchaJae
1368 3807 1443 3868 pro·

208 3886 377 3953 consulem
397 3886 527 3964 ductus,
549 3883 624 3948 dein
642 3903 661 3948 a
682 3887 778 3966 portu
793 3880 980 3946 Kenchraeo
999 3876 1163 3957 Ephesum
1183 3875 1216 3938 in
1230 3871 1443 3970 Asiaminori

206 3973 366 4037 devectus
387 3969 567 4035 referturv.
586 3969 634 4034 18.
679 3966 850 4034 Suetonius
869 3966 936 4046 jam
957 3981 1032 4030 vero
1054 3961 1087 4025 in
1109 3961 1176 4057 vita
1198 3958 1324 4056 Dlaudn
1344 3956 1371 4037 ξ.
1393 3955 1442 4020 28.

210 4056 307 4135 dicit,
327 4055 506 4136 provincias
525 4054 679 4134 Achajam
700 4058 732 4118 et
752 4050 986 4127 Macedoniam,
1013 4063 1094 4128 quas
1113 4044 1260 4109 Trbenus
1284 4042 1327 4106 ad
1350 4057 1443 4105 curas

210 4159 291 4208 suas
306 4140 529 4219 transtulerat,
545 4158 565 4203 a
581 4138 714 4203 Claudio
731 4136 856 4202 senatui
872 4152 942 4200 esse
958 4131 1117 4209 redditam
1136 4130 1209 4194 hinc
1223 4130 1387 4225 rectenon
1403 4125 1444 4220 de

209 4230 433 4309 propraetore,
449 4225 507 4292 sed
521 4225 562 4290 de
576 4223 766 4305 proconsule
781 4239 884 4287 sermo
901 4223 958 4285 est.
993 4217 1168 4313 Praeterea
1181 4212 1325 4279 Oonnthr
1340 4208 1444 4290 duph·

210 4331 284 4378 cem
298 4310 398 4376 fuisse
408 4315 546 4391 portum,
562 4309 743 4376 Lechaeum
758 4309 801 4374 ad
811 4304 1030 4386 navigationes
1041 4301 1166 4370 italicas
1179 4303 1212 4364 et
1223 4294 1445 4392 Kenchraeum

209 4397 258 4462 ad
280 4395 447 4476 asiaticae,
470 4398 633 4461 testantur
647 4394 803 4458 Horatius
824 4391 911 4456 odar.
926 4388 980 4453 lib.
998 4389 1026 4451 1.
1043 4387 1070 4450 7.
1086 4406 1114 4450 v.
1131 4386 1173 4464 2.,
1198 4380 1315 4448 strabo
1335 4378 1389 4444 hb.
1405 4378 1444 4455 8.,

287 4587 297 4618 ¹
316 4581 371 4638 cfr.
383 4581 439 4634 Jos.
453 4580 495 4635 nl.
508 4580 572 4634 Ant.
585 4575 627 4644 14,
639 4579 664 4643 4,
678 4578 701 4630 1.
1207 4649 1242 4700 8*
