3364 5156
743 287 1027 352 -218-

826 507 854 590 s.
873 507 944 573 145.

704 645 876 707 Evangelii
887 643 1065 708 dispositio.

361 799 533 866 Consilium
553 818 576 864 s.
598 799 731 864 Joannis
753 817 825 864 mox
847 798 1026 879 expositum
1046 799 1080 862 in
1100 795 1299 878 evangelium
1325 797 1395 878 eJus
1422 797 1504 862 scri-

272 885 427 965 bendum,
450 885 483 950 in
501 885 709 950 materiarum
724 884 882 952 delectum
897 903 935 950 ac
955 882 1197 965 dispositionem
1217 882 1390 947 martimum
1411 899 1504 948 erse·

271 971 338 1036 ruit
350 969 519 1050 influxum3
534 989 609 1036 nam

359 1058 386 1122 1.
415 1057 444 1120 si
464 1056 640 1137 Apostolus
661 1054 776 1120 habuit
795 1054 961 1139 consilium
981 1053 1183 1133 historicum,
1210 1071 1274 1119 non
1296 1051 1402 1117 omnia
1427 1071 1503 1116 nar·

271 1141 377 1222 randi,
404 1142 463 1206 sed
486 1139 664 1222 complendi
684 1140 748 1205 tria
769 1141 878 1221 priora
898 1139 1076 1221 evangelia,
1103 1157 1186 1220 quae
1202 1138 1282 1204 Jesu
1300 1137 1502 1203 activitatem

272 1227 476 1309 potissimum
498 1228 531 1292 in
555 1226 700 1292 Galilaea
720 1225 795 1294 inde
816 1225 1020 1306 aBaptistae
1041 1224 1230 1305 captivitate
1250 1241 1353 1304 usque
1368 1222 1412 1287 ad
1426 1222 1502 1286 ulti-

274 1331 361 1378 mum
376 1313 498 1394 pascha
513 1312 689 1379 delineant:
713 1331 752 1376 ea
766 1330 898 1376 narrare
914 1309 1041 1389 debuit,
1057 1328 1141 1391 quae
1156 1328 1176 1373 a
1192 1307 1366 1390 synopticis
1382 1308 1503 1372 omissa

272 1399 307 1464 iu
322 1399 343 1462 J
344 1398 449 1462 udaea
465 1403 498 1462 et
512 1399 685 1479 praecipue
699 1396 930 1478 Hierosolymis
946 1401 1121 1462 evenemnt
1134 1401 1204 1460 tum
1218 1401 1390 1474 autequam
1403 1393 1424 1457 J
1426 1412 1503 1457 oan-

272 1502 330 1549 nes
345 1484 377 1547 in
393 1501 554 1549 carcerem
570 1489 656 1548 esset
671 1483 841 1564 conjectus,
856 1487 926 1546 tum
941 1481 1107 1547 occasione
1121 1481 1322 1545 diversorum
1334 1477 1502 1559 festorum,

272 1587 294 1634 a
309 1568 330 1634 J
331 1585 389 1633 esu
403 1567 634 1650 Hierosolymis
649 1568 891 1634 celebratorum.
921 1568 1073 1632 Attamen
1086 1567 1148 1631 hoc
1160 1565 1267 1646 ipsum
1288 1583 1351 1629 non
1372 1567 1504 1643 poterat

272 1673 336 1720 non
350 1672 478 1720 movere
494 1654 721 1736 evangelistam
736 1654 780 1718 ad
794 1654 938 1718 ordinem
952 1652 1210 1734 chronologicum
1225 1650 1339 1716 saltem
1353 1648 1503 1714 latiorem

271 1746 422 1805 accurate
446 1741 645 1806 servandum.
666 1775 709 1784 -
731 1737 912 1820 Utrumque
933 1757 1046 1804 revera
1065 1736 1186 1802 iactum
1212 1755 1283 1802 esse
1306 1734 1503 1814 invenimus;

273 1825 390 1890 etenim
404 1825 580 1906 Apostolus
601 1844 706 1907 pauca
728 1844 799 1890 cum
821 1824 954 1906 reliquis
977 1822 1181 1904 evangelistis
1199 1822 1299 1886 habet
1314 1821 1503 1899 communia

272 1911 400 1976 ethaeo
415 1911 598 1976 etiamideo
621 1911 724 1976 solum
743 1911 876 1992 repetit,
902 1919 939 1974 ut
960 1909 1011 1974 vel
1033 1908 1153 1974 additis
1174 1907 1297 1973 notitiis
1319 1905 1504 1971 accuratius

272 1995 542 2076 determinentur,
568 2015 597 2060 v.
620 2016 650 2078 g.
671 1997 705 2061 in
726 1996 862 2061 historia
887 1995 929 2060 dc
950 1995 1031 2060 lesu
1057 1993 1260 2074 captivitate,
1287 1991 1503 2071 damnatione,

272 2086 378 2146 morte
393 2086 427 2146 et
441 2081 718 2162 apparitionibus,
736 2081 786 2147 vel
802 2081 878 2162 quia
894 2081 1021 2146 Christo
1036 2079 1201 2144 auditores
1220 2095 1297 2142 suos
1317 2077 1357 2141 de
1379 2076 1504 2158 gravis-

274 2166 348 2232 simi
362 2167 517 2232 momenti
531 2167 686 2232 doctrinis
707 2167 860 2234 edocendi
880 2167 1080 2232 occasionem
1100 2164 1334 2245 praebuerunt,
1356 2166 1394 2226 ut
1417 2161 1504 2226 ciba-

273 2251 320 2317 tio
346 2251 462 2316 turbae
489 2256 521 2317 et
547 2252 704 2317 adventus
729 2253 809 2318 Jesu
835 2253 879 2317 ad
903 2250 1077 2333 discipulos
1103 2268 1201 2330 supra
1226 2266 1316 2314 mare
1337 2247 1441 2312 relate
1462 2246 1506 2310 ad

274 2354 454 2402 sermonem
484 2343 670 2419 sequentem
696 2339 736 2404 de
761 2357 844 2418 pane
869 2356 945 2404 vere
971 2335 1102 2404 coelesti
1126 2335 1203 2399 dato
1230 2339 1263 2398 et
1287 2332 1394 2397 dando
1421 2350 1447 2396 c.
1476 2329 1505 2396 6.

275 2421 452 2489 Praeterea
466 2423 499 2486 in
515 2423 678 2505 evangelio
693 2428 813 2503 nostro,
829 2423 906 2505 quia
920 2423 1038 2488 multas
1053 2421 1194 2486 continet
1208 2419 1339 2484 lacunas
1355 2436 1373 2482 e
1388 2435 1506 2497 synop-

275 2507 348 2572 ticis
364 2507 584 2589 complendas,
610 2512 757 2590 tempora
772 2515 806 2574 et
818 2509 905 2589 loca,
927 2507 1101 2590 praecipue
1114 2505 1199 2572 festa
1212 2505 1340 2569 diversa
1353 2508 1507 2568 accurate

275 2593 499 2674 designantur,
524 2593 571 2658 ita
593 2598 629 2658 ut
650 2595 752 2661 lector
772 2595 841 2676 eJ'us
861 2613 921 2675 ope
937 2599 970 2658 et
984 2595 1082 2659 trium
1096 2591 1240 2673 priorum
1254 2589 1379 2654 ratione
1392 2585 1507 2652 habita

274 2677 444 2742 historiam
459 2679 713 2760 chronologicam
729 2681 790 2745 sibi
805 2679 1030 2746 conformando
1044 2696 1104 2760 par
1118 2677 1283 2742 reddatur.
1318 2673 1418 2738 Brevi
1431 2676 1508 2753 post

276 2762 440 2844 publicum
456 2764 476 2827 J
479 2782 535 2828 esu
549 2766 714 2845 proditum
728 2769 758 2846 2,
776 2767 824 2830 13.
840 2766 1107 2831 commemoratur
1120 2762 1239 2827 festum
1253 2758 1415 2841 paschale,
1431 2758 1507 2822 dein

274 2848 306 2928 5,
324 2849 351 2914 1.
367 2848 456 2915 aliud
467 2849 666 2927 ludaeorum
680 2850 798 2917 festum
811 2851 1050 2933 (pentecostes),
1065 2867 1162 2929 porro
1173 2848 1203 2926 6,
1214 2847 1245 2910 4.
1257 2846 1361 2910 denuo
1373 2843 1507 2925 pascha,

276 2933 305 3013 7,
321 2935 350 3000 2.
365 2932 484 3000 festum
498 2936 779 3003 tabernaculorum
794 2943 828 3002 et
844 2939 900 3015 10,
916 2935 966 3000 22.
983 2951 1120 3016 sequens
1135 2932 1253 2998 festum
1269 2929 1506 3008 encaeniorum,

275 3025 309 3084 et
324 3020 462 3102 denique
481 3025 534 3102 11,
549 3022 601 3087 55.
617 3023 751 3103 pascha,
774 3021 878 3103 pridie
893 3022 984 3103 cujus
999 3022 1020 3085 J
1022 3037 1095 3086 esus
1110 3024 1255 3083 mortuus
1276 3020 1334 3081 est.
1361 3015 1507 3079 loannes
1630 3091 1635 3104 .

275 3105 319 3170 ad
334 3105 477 3188 singulos
493 3112 626 3172 eventus
641 3108 822 3173 accuratius
838 3106 1097 3172 determinandos
1117 3104 1303 3185 frequenter
1325 3101 1414 3180 ipsos
1435 3099 1507 3163 dies

274 3197 309 3339 {t
323 3191 420 3340 hgras
434 3192 592 3340 rlrgminat,
614 3198 652 3257 ut
668 3195 695 3273 1,
710 3195 762 3258 29.
778 3193 828 3258 35.
843 3192 895 3257 39.
910 3193 962 3256 43.
978 3194 1008 3270 2,
1027 3196 1052 3255 1.
1068 3193 1098 3269 4,
1113 3189 1165 3254 43.
1181 3191 1210 3270 6,
1226 3189 1277 3252 22.
1295 3187 1323 3264 7,
1345 3185 1391 3248 14.
1407 3185 1459 3249 37.
1476 3184 1507 3263 8,

298 3280 417 3356 .l‚l.
477 3278 671 3356 ,13,1.etc.
1102 3299 1104 3304 ·

361 3363 391 3426 2.
422 3361 456 3428 Si
472 3380 497 3425 s.
512 3362 654 3427 loannes
676 3362 841 3428 consilium
862 3362 1078 3444 dogmaticum
1101 3359 1162 3423 sibi
1183 3356 1352 3439 proposuit
1375 3355 1508 3418 demon-

276 3447 416 3513 strandi:
439 3447 460 3512 J
462 3465 552 3512 esum
567 3467 638 3513 esse
655 3447 817 3512 Christum
832 3447 893 3513 Dei
907 3447 1025 3511 Filium
1040 3463 1136 3511 sensu
1151 3441 1387 3524 metaphysi003
1414 3439 1509 3518 sique

274 3531 357 3597 hanc
377 3533 547 3599 veritatem
567 3533 722 3599 indirecte
748 3534 900 3615 opposuit
925 3532 1088 3612 omnibus,
1116 3529 1172 3611 qui
1197 3529 1237 3593 de
1263 3543 1401 3608 persona
1424 3525 1508 3588 Jesu

278 3616 399 3682 Christi
421 3619 658 3701 spargebantur
680 3619 859 3684 erroribus:
884 3619 969 3682 hunc
990 3617 1023 3681 in
1036 3615 1133 3681 finem
1146 3614 1241 3695 plura
1255 3613 1276 3677 J
1278 3630 1336 3677 esu
1350 3609 1510 3674 miracula

278 3708 311 3766 et
326 3720 488 3768 sermones
505 3704 626 3770 ethicos
641 3704 761 3770 referre
776 3704 862 3768 haud
878 3709 1093 3785 opportunum
1116 3704 1195 3766 erat.
1233 3695 1398 3763 Miraculis
1423 3695 1509 3760 enim

278 3791 312 3852 et
327 3789 525 3854 sermonibus
541 3790 654 3855 ethicis
670 3809 708 3855 ea
730 3790 933 3871 potissimum
954 3788 1058 3852 inerat
1078 3786 1142 3865 vis,
1169 3789 1206 3849 ut
1228 3782 1411 3848 missionem
1427 3780 1510 3844 Jesu

277 3871 418 3937 divinam
433 3878 466 3937 et
480 3874 670 3954 dignitatem
689 3875 881 3940 messianam
902 3873 1105 3940 manifestam
1126 3871 1315 3946 redderent;
1339 3867 1407 3948 Jam
1431 3883 1509 3929 vero

276 3958 360 4022 hanc
382 3957 526 4039 (praeter
547 3959 680 4025 loannis
700 3960 889 4041 discipulos)
915 3977 1024 4024 omnes
1050 3957 1117 4024 iere
1144 3956 1240 4020 etiam
1264 3951 1408 4018 Gnostici
1435 3969 1510 4015 cum

278 4043 466 4109 orthodoxis
479 4045 646 4125 tenebant;
660 4052 712 4111 ast
727 4047 767 4111 de
782 4045 938 4126 principio
952 4044 1007 4109 illo
1019 4043 1143 4122 altiore,
1159 4060 1222 4121 quo
1235 4041 1256 4105 J
1258 4057 1331 4104 esus
1343 4041 1511 4117 potestate

277 4129 500 4210 sapientiaque
515 4129 623 4194 divina
639 4138 709 4196 erat
723 4131 904 4211 praeditus,
927 4129 1072 4194 Gnostici
1085 4125 1324 4210 profundiorem
1340 4121 1512 4187 scientiam

276 4220 501 4296 praetexentes
517 4233 643 4288 errores
657 4216 764 4280 varios
778 4214 1034 4297 propugnabant.
1057 4214 1108 4278 Ad
1123 4214 1182 4277 hos
1193 4212 1304 4292 itaque
1318 4204 1512 4272 refutandos

277 4301 437 4382 aptissimi
452 4307 544 4366 erant
559 4319 721 4366 sermones
737 4299 925 4383 dogmatici,
944 4299 977 4362 in
992 4299 1109 4380 quibus
1125 4299 1145 4362 J
1148 4314 1222 4362 esus
1236 4296 1307 4377 ipse
1321 4291 1512 4357 testimonia

278 4387 380 4450 edidit
395 4387 436 4451 de
450 4405 502 4466 se,
529 4387 570 4451 de
584 4392 701 4452 natura
715 4405 775 4452 sua
789 4386 909 4463 divina,
935 4384 977 4449 de
991 4384 1145 4450 relatione
1161 4400 1220 4446 sua
1234 4381 1276 4445 ad
1290 4379 1438 4454 Patrem,
1465 4375 1513 4438 ad

277 4474 432 4538 mundum
447 4478 480 4538 et
493 4471 527 4537 in
542 4473 650 4552 specie
664 4472 706 4536 ad
727 4471 879 4536 homines.
923 4468 1006 4534 Hinc
1020 4467 1210 4550 Apostolus,
1237 4460 1513 4546 quemadmodum

278 4559 321 4623 ad
336 4558 469 4624 loannis
491 4558 631 4624 asseclas
651 4556 838 4623 refutandos
856 4554 1003 4636 hujusce,
1029 4555 1075 4617 ita
1096 4554 1138 4619 ad
1159 4551 1266 4616 varios
1282 4547 1514 4614 Gnosticorum
