3314 5166
591 303 857 368 -79-

198 473 227 538 S.
242 472 472 554 Hieronymus,
494 473 542 537 vir
563 475 799 540 eruditissimus
820 481 854 540 et
868 475 900 540 in
915 494 956 540 ss.
972 475 1074 541 literis
1088 475 1335 556 versatissimus,

121 558 288 620 11111111
307 559 398 645 Papo
419 558 473 639 (ab
489 578 571 624 anno
586 560 790 643 eoo—384.)
811 567 1018 642 provocatus
1044 562 1189 643 quamvis
1208 562 1335 642 1111111,

120 644 364 708 emendationem
380 645 521 726 suscepit
541 665 623 711 anno
638 646 730 710 383.1
766 647 917 712 Promisit
931 647 972 712 ab
995 647 1086 713 initio
1107 654 1246 729 quatuor
1265 651 1336 712 tari-

26 745 28 753 ·
120 737 180 794 tum
194 730 374 811 cvangelia3
390 735 442 794 ast
456 731 617 812 integrum
631 731 669 795 N.
681 732 715 796 T.
732 731 772 796 ab
789 751 827 797 eo
839 750 910 797 csse
922 733 1134 813 emendatum,
1150 734 1224 797 inde
1235 738 1335 814 patet,

119 815 186 896 quia
199 815 231 879 in
246 834 344 895 opere
359 816 399 880 de
414 815 491 880 viris
505 815 619 881 illustr.
635 817 676 882 de
691 817 829 882 sedicit:
845 818 965 880 Novom
978 831 1191 882 testamentum
1199 842 1335 905 praecare

111 900 185 984 fidei
196 899 334 981 reddidi,
350 914 435 964 11111
445 902 770 986 ]’111111111111111.2

195 985 300 1062 Quam
315 1003 458 1051 normam
474 987 505 1050 in
519 988 580 1052 hoc
595 987 704 1052 labore
720 993 849 1053 secutus
865 989 916 1068 sit,
932 989 1002 1070 ipse
1013 993 1153 1054 testatur
1165 989 1206 1053 ad
1218 989 1335 1054 Dama·
1404 986 1406 990 ’

119 1091 181 1136 sum
191 1072 311 1151 dicens,
328 1091 362 1136 se
374 1072 559 1138 adhibuisse
570 1073 695 1138 codices
706 1079 831 1138 veteres
842 1075 1079 1154 praetermissis
1089 1074 1153 1139 illis
1165 1093 1184 1138 1
1195 1075 1335 1140 Luciano

119 1163 146 1221 et
159 1157 318 1237 Hesychio
333 1163 547 1238 nuncupatos
571 1163 605 1222 et
619 1177 659 1224 ne
674 1159 838 1241 evangelia
852 1160 988 1225 multum
1010 1179 1030 1224 1
1052 1159 1196 1225 lectionis
1216 1160 1336 1224 latinae

119 1243 341 1308 consuetudine
357 1243 591 1323 discreparent,
608 1263 643 1309 se
658 1245 705 1310 ita
720 1245 841 1310 calamo
857 1253 1069 1326 temperasse,
1085 1246 1186 1310 uthis
1201 1252 1334 1325 tantum,

119 1347 192 1476 11111
216 1347 346 1456 11111111
372 1329 564 1394 videbantur
588 1336 728 1411 mutare,
756 1331 907 1395 correctis
934 1331 1057 1411 reliqua
1082 1331 1204 1396 intacta
1229 1336 1336 1396 essent

119 1432 148 1478 re
161 1414 228 1477 'cta

671 1553 699 1633 1.
721 1553 773 1618 os.

144 1687 219 1738 Fata
231 1688 396 1740 versionis
409 1688 568 1751 vulgatae
581 1703 600 1740 a
612 1702 636 1741 1.
650 1690 846 1750 Hieronymo
859 1690 1046 1741 emendatae
1060 1703 1161 1751 usque
1175 1689 1217 1740 ad
1231 1703 1305 1740 oon-

337 1767 339 1774 ’
538 1774 650 1825 cilium
662 1773 909 1824 fflridontinum.⁴

192 1912 285 1992 licet
301 1945 325 1992 s.
340 1927 554 2008 Hieronymus
568 1928 600 1991 in
615 1927 812 1992 emendanda
832 1927 976 1992 versione
992 1927 1131 2010 Vulgata
1152 1927 1335 1994 cautissime

121 2013 336 2093 processisset,
357 2012 449 2078 labor
463 2019 571 2078 tamen
587 2013 669 2094 ejus,
690 2018 728 2076 ut
742 2013 811 2095 ipse
826 2013 1043 2093 praeviderat,
1064 2033 1127 2078 non
1141 2033 1200 2094 pro
1220 2014 1335 2079 merito

122 2279 172 2316 nem
183 2271 349 2320 revertentes
361 2280 401 2331 11,
422 2281 490 2333 quae
500 2264 543 2319 vel
555 2280 571 2318 a
582 2265 683 2320 vitiosis
695 2265 886 2334 interpretibus
903 2265 972 2319 male
984 2265 1096 2332 reddita,
1116 2267 1159 2320 vel
1170 2281 1187 2320 a
1198 2281 1335 2334 praesum·

121 2332 210 2386 1111111
221 2334 355 2402 imperitis
366 2335 506 2388 emendata
517 2335 683 2402 perversius,
695 2335 736 2387 vel
749 2350 765 2387 1
776 2334 892 2387 librariis
904 2334 1108 2389 dormitantibus
1117 2336 1208 2390 addita
1217 2342 1280 2389 sunt
1289 2343 1336 2390 aut

122 2407 224 2468 mutata,
246 2403 423 2471 corrigimus?
446 2402 539 2471 Neque
551 2418 612 2456 vero
625 2418 673 2471 ego
685 2402 718 2455 de
731 2403 815 2456 veteri
826 2403 933 2470 disputo
944 2403 1121 2458 instrumento
1133 2437 1167 2444 -
1179 2437 1212 2444 -
1225 2404 1258 2458 de
1269 2420 1335 2458 novo

121 2474 270 2524 testamento
282 2471 383 2538 loquor,
396 2471 466 2538 quod
477 2485 603 2539 graecum
615 2486 675 2524 esse
686 2487 738 2524 non
749 2471 860 2524 dubium
869 2477 918 2536 est,
931 2479 1043 2540 excepto
1052 2473 1180 2541 Apostolo
1189 2473 1335 2538 Matthaeo,

122 2538 158 2603 qui
168 2540 270 2606 primus
283 2541 312 2593 11
323 2539 341 2592 J
342 2539 429 2594 udaea
441 2539 606 2608 evangelium
620 2539 719 2594 Christi
737 2539 869 2594 hebraicis
881 2539 966 2594 literis
978 2541 1069 2594 edidit.
1081 2573 1115 2582 -
1127 2573 1161 2582 —
1172 2542 1288 2610 Magnus
1301 2542 1335 2595 si·

121 2607 215 2672 quidem
227 2609 256 2661 in
268 2608 368 2662 nostris
382 2608 517 2662 codicibus
530 2624 604 2661 error
615 2609 731 2674 inolevit,
753 2608 816 2661 dum
827 2608 897 2676 quod
906 2611 934 2661 in
943 2610 1036 2662 eadem
1047 2626 1075 2663 re
1085 2611 1154 2664 alius
1173 2610 1337 2680 evangelista

120 2674 172 2740 plus
183 2677 263 2742 dicit,
285 2677 314 2729 in
326 2677 390 2742 alio,
411 2679 473 2744 quia
484 2677 572 2730 minus
584 2683 757 2744 putaveram,
779 2677 952 2743 addiderunt3
973 2678 1015 2731 vel
1027 2678 1091 2731 dum
1103 2679 1216 2733 eumdem
1229 2695 1336 2733 sensum

119 2742 178 2797 alius
189 2745 272 2799 aliter
284 2745 424 2813 expressit,
442 2745 487 2798 ille
500 2746 545 2813 qui
557 2762 639 2798 unum
652 2761 666 2798 e
703 2753 800 2798 uatuor
811 2746 927 2812 primum
939 2746 1050 2813 legerat,
1067 2746 1101 2799 ad
1114 2748 1172 2815 ejus
1184 2747 1337 2816 exemplum

118 2817 209 2868 ceteros
229 2829 337 2882 quoque
357 2815 538 2867 aestimaverit
556 2762 742 2866 emendanlos.
775 2813 853 2867 Unde
870 2813 981 2879 accidit,
1002 2821 1032 2867 ut
1044 2814 1115 2883 apud
1127 2831 1175 2869 nos
1187 2817 1271 2869 mixta
1284 2817 1337 2870 sint

118 2881 209 2947 omnia,
231 2882 303 2936 etin
314 2883 407 2936 Marco
418 2883 497 2949 plura
508 2881 597 2935 Lucae
615 2889 694 2949 atque
706 2881 851 2946 Matthaei,
872 2898 980 2935 rursum
997 2882 1025 2935 in
1036 2883 1175 2936 Matthaeo
1186 2884 1297 2937 Joannis
1309 2891 1336 2937 et

117 2947 193 3070 Mdassri
205 2959 232 3004 et
243 2951 345 3071 cetPeris
357 2951 527 3019 reliquorum,
541 2965 608 3018 quae
620 2951 648 3002 in
660 2949 720 3003 aliis
732 2950 841 3018 propria
853 2957 924 3015 sunt,
932 2950 1127 3004 inveniantur.“
1149 2951 1174 3004 S.
1182 2952 1335 3021 Hieronym.

118 3031 131 3067 1
182 3035 267 3073 amas.
304 3059 310 3072 .

159 3116 163 3130 ·
179 3092 188 3121 ¹
205 3088 232 3142 S.
244 3087 401 3156 Hieronym.
414 3087 432 3140 l.
445 3103 479 3140 c.:
504 3087 586 3154 „Quis
598 3087 668 3140 enim
680 3086 773 3140 doctus
786 3087 887 3154 pariter
898 3087 940 3140 vel
956 3085 1093 3153 indoctus,
1114 3103 1175 3141 cum
1194 3087 1222 3140 in
1241 3103 1336 3141 manus

118 3154 232 3210 volumen
252 3156 423 3222 assumserit,
444 3162 471 3209 et
488 3170 505 3209 a
522 3155 619 3222 saliva,
641 3171 720 3224 quam
737 3154 820 3209 semel
831 3156 947 3222 imbibit,
968 3155 1065 3210 viderit
1077 3155 1243 3225 discrepare,
1266 3156 1336 3224 quod

119 3221 219 3290 lectitat,
231 3240 288 3277 non
300 3224 391 3277 statim
402 3231 525 3291 erumpat
536 3225 563 3277 in
575 3240 674 3290 vocem,
691 3223 893 3290 1111111111111,
910 3240 952 3278 me
965 3225 1085 3278 clamans
1097 3240 1156 3278 esse
1169 3225 1336 3293 sacrilegum,

119 3292 157 3356 qui
167 3293 284 3347 audeam
296 3292 396 3361 aliquid
408 3293 436 3346 in
447 3293 582 3346 veteribus
594 3293 669 3347 libris
681 3292 788 3358 addere,
800 3299 913 3358 mutare,
926 3294 1076 3361 corrigere?
1094 3294 1244 3347 Adversum
1256 3309 1335 3361 quam

119 3358 236 3414 inndiam
250 3361 352 3428 duplex
364 3377 446 3416 causa
457 3378 499 3415 me
511 3361 674 3416 consolatur:
696 3361 766 3430 quod
778 3369 860 3428 11111,
900 3363 927 3416 ui
940 3378 1059 3415 summus
1071 3363 1195 3416 sacerdos
1213 3379 1255 3427 es,
1277 3361 1335 3414 fieri

117 3427 200 3548 iubes,
221 3437 251 3485 et
267 3445 358 3484 verum
374 3446 428 3483 non
443 3445 517 3499 esse,
537 3430 607 3498 quod
622 3432 720 3495 variat,
742 3431 822 3484 etiam
841 3448 867 3483 m
896 3431 1031 3484 edicorum
1049 3431 1199 3484 testimonio
1216 3446 1336 3498 compro-

134 3503 213 3551 atur.“

179 3571 190 3602 ²
206 3568 239 3620 In
252 3566 330 3635 epist.
343 3567 384 3620 52.
397 3566 432 3620 ad
443 3567 536 3620 Lucin.
550 3567 600 3620 ait:
613 3566 734 3632 ,liovum
745 3571 935 3620 testamentum
946 3582 1042 3635 graece
1053 3565 1157 3621 reddidi
1169 3567 1334 3635 auetoritati3

120 3639 147 3686 ut
155 3636 222 3689 enim
234 3643 357 3690 veterum
368 3635 496 3689 librorum
508 3635 574 3689 fides
587 3635 620 3688 de
636 3635 768 3688 hebraicis
785 3634 963 3689 voluminibus
975 3635 1154 3689 examinanda
1166 3642 1219 3690 est:
1240 3636 1279 3689 ita
1289 3652 1335 3689 no-

119 3718 202 3756 vorum
214 3704 306 3774 graeci
319 3704 448 3757 sermonis
459 3719 579 3757 normam
591 3703 751 3757 desiderat.“

181 3777 192 3807 ⁸
207 3773 253 3828 Ad
265 3774 373 3826 Damas.
385 3773 414 3825 in
425 3771 509 3840 praef.
522 3773 549 3825 in
561 3777 578 3825 4
590 3772 739 3840 evangelia:
753 3771 956 3838 „Praetermitto
973 3786 1019 3826 eos
1032 3771 1150 3838 codices,
1171 3789 1237 3841 quos
1253 3787 1270 3827 1
1281 3773 1335 3826 Lu·

120 3839 236 3896 1111111
258 3841 393 3910 Hesychia
413 3848 580 3909 nuncupatos
600 3855 746 3908 paucorum
765 3840 901 3893 hominum
921 3840 1022 3894 adserit
1042 3856 1169 3908 perversa
1189 3843 1336 3910 eontentio,

121 3909 207 3974 quibus
227 3910 319 3979 utique
339 3924 389 3962 nec
409 3910 436 3962 in
455 3909 539 3963 veteri
556 3910 733 3963 instrumento
749 3915 810 3977 post
826 3909 996 3977 septuaginta
1013 3909 1176 3978 interpretes
1194 3911 1336 3965 emendare

121 3978 177 4042 quid
194 3980 284 4042 licuit,
305 3994 355 4032 nec
373 3979 402 4030 in
417 3993 483 4031 novo
500 3977 601 4046 profuit
613 3977 779 4043 emendasse,
800 3993 862 4031 cum
873 3977 1018 4030 multarum
1048 3979 1149 4032 entium
1160 3979 1258 4047 linguis
1272 3980 1336 4032 scri·

122 4049 194 4110 ptura
211 4055 274 4102 ante
293 4047 425 4101 translata
440 4047 548 4112 doceat,
567 4046 638 4100 falsa
654 4062 725 4113 esse,
746 4061 813 4114 quae
830 4045 921 4099 addita
933 4053 1002 4100 sunt.
1030 3995 1121 4114 lgitur
1131 4048 1198 4100 haee
1209 4063 1336 4115 praesens

123 4115 328 4178 praefatiuncula
347 4115 488 4183 pollicetur
509 4122 623 4182 quatuor
645 4120 749 4168 1111111
773 4114 910 4182 evangelia
929 4146 963 4154 -
983 4147 1015 4154 -
1037 4115 1157 4168 1111111111
1179 4131 1335 4184 graecorum

123 4185 255 4239 emendata
275 4184 427 4249 collatione,
449 4182 496 4237 sed
516 4190 543 4236 et
563 4189 690 4237 veterum.
723 4183 798 4250 Quae
816 4183 979 4252 (evangelia)
998 4198 1030 4236 ne
1048 4184 1161 4236 multum
1180 4184 1334 4236 alectionis

124 4246 214 4306 latinae
227 4253 418 4308 consuetudine
430 4252 621 4320 discreparent,
641 4253 679 4305 ita
690 4252 792 4305 calamo
804 4252 1019 4319 temperavimus,
1039 4258 1069 4305 ut
1080 4253 1123 4306 his
1135 4258 1246 4317 tantum,
1267 4266 1335 4319 quae
1361 4282 1367 4292 ·

125 4331 223 4374 sensum
236 4322 394 4376 videbantur
406 4329 518 4386 mutare,
530 4322 657 4375 correctis
669 4321 773 4389 reliqua
784 4335 892 4373 manere
904 4327 1065 4388 pateremur,
1077 4328 1107 4373 ut
1119 4319 1249 4374 fuerant.“
1372 4329 1373 4332 ’

186 4393 195 4424 ⁴
211 4390 369 4444 Emendatio
382 4405 403 4443 s.
410 4390 510 4443 Hieron
529 4390 566 4441 mi
576 4391 668 4457 purior
678 4390 812 4442 invenitur
823 4389 851 4442 in
862 4390 987 4456 operibus
1000 4389 1059 4456 ejus
1071 4389 1247 4457 aMartianay
1256 4387 1335 4442 editis

126 4451 201 4510 Paris.
215 4459 288 4512 1706.
302 4466 364 4511 tom.
377 4459 413 4526 1.;
433 4459 461 4511 in
474 4407 564 4511 corlice
575 4459 718 4522 Amiatino‚
736 4458 780 4526 qui
792 4473 861 4510 anno
874 4457 980 4511 circiter
992 4458 1050 4510 541.
1063 4457 1179 4524 scriptus
1192 4463 1233 4510 est
1244 4472 1261 4510 a
1274 4457 1335 4511 Ser·

126 4524 202 4578 vando
213 4526 316 4592 abbate,
329 4543 350 4580 s.
358 4527 496 4581 Benedicti
508 4526 646 4594 discipulo,
659 4534 686 4580 et
697 4542 768 4580 nunc
780 4532 932 4580 asservatur
941 4527 969 4579 in
978 4525 1138 4579 bibliotheca
1144 4526 1334 4591 Laurentiana,

127 4590 204 4648 editus
215 4610 230 4648 a
242 4595 422 4650 Tischendori
431 4595 504 4663 Lips.
519 4594 606 4662 1850.;
627 4595 655 4647 in
666 4594 756 4648 codice
769 4594 909 4660 Fuldensi,
932 4595 976 4662 qui
994 4593 1191 4661 evangeliorum
1202 4595 1260 4650 loco
1272 4595 1334 4648 har·
