3364 5156
629 249 914 314 —215—

711 471 739 550 ἕ.
759 471 829 534 144.

315 603 455 661 Quinam
470 616 594 656 errores
606 609 640 655 in
652 605 674 656 J
675 605 791 656 oannis
804 607 971 668 evangelio
984 609 1226 670 respiciantur?

241 757 292 821 Ad
306 757 387 823 hanc
402 759 624 839 quaestionem
638 759 806 840 sequentia
821 759 1044 826 observamus:
1363 823 1370 838 ,

243 843 270 906 1.
290 841 528 910 interludaeos
537 845 687 910 cultiores
695 845 787 909 multi
794 845 897 910 dediti
906 852 997 912 erant
1004 846 1226 928 philosophiae
1235 849 1383 914 orientah

86 931 88 936 “
159 945 214 992 seu
227 927 435 1009 babylonicae
449 936 507 995 aut
521 931 718 1011 chaldaicae,
735 931 825 1012 cujus
841 931 992 1011 cultores,
1012 933 1068 1013 qui
1082 931 1171 1014 Magi
1185 933 1383 1015 dicebantur,

160 1013 275 1094 duplex
301 1021 485 1080 statuerunt
509 1016 715 1097 principium,
742 1035 780 1081 ex
803 1021 876 1082 ente
899 1035 1048 1098 supremo
1070 1037 1129 1099 per
1151 1019 1383 1084 emanationem

158 1105 277 1163 ortum:
302 1100 494 1182 principium
508 1101 589 1167 lucis
605 1107 637 1167 et
651 1101 843 1183 principium
864 1102 1086 1182 tenebrarum3
1113 1103 1154 1168 ab
1175 1104 1272 1169 hocce
1295 1123 1384 1170 crea-

158 1192 226 1250 tum
250 1203 321 1250 esse
339 1186 494 1251 tenebant
514 1187 681 1253 materiam
698 1193 731 1253 et
745 1187 879 1268 proinde
894 1187 991 1252 etiam
1006 1189 1159 1252 mundum
1175 1189 1383 1270 materialem,

158 1271 211 1352 qui
225 1269 346 1351 itaque,
362 1277 400 1336 ut
415 1273 517 1336 omnis
532 1273 676 1353 materia,
697 1279 783 1339 esset
797 1273 915 1352 malus;
937 1273 1011 1338 inde
1026 1293 1166 1355 pugnam
1182 1274 1384 1355 explicabant
1490 1347 1494 1352 ,

155 1355 238 1421 inter
252 1375 388 1437 regnum
402 1357 483 1422 lucis
499 1363 532 1423 et
546 1378 680 1440 regnum
702 1359 924 1440 tenebrarum,
952 1368 984 1423 et
1006 1359 1103 1425 hocce
1123 1360 1206 1424 vinci
1227 1377 1323 1440 posse
1345 1379 1383 1426 ac

156 1441 273 1506 debere
288 1443 476 1508 statuebant
491 1450 579 1508 certa
593 1445 720 1509 vivendi
741 1445 882 1524 ratione,
910 1450 997 1509 certo
1021 1445 1117 1510 cultu.
1155 1445 1176 1509 J
1177 1463 1229 1509 am
1244 1445 1384 1527 Augusti

157 1532 188 1592 et
202 1527 324 1592 liberii
339 1528 538 1609 temporibus
554 1534 695 1610 systema
708 1529 788 1594 illud
803 1529 1057 1611 philosophicum
1080 1536 1295 1612 propagatum
1313 1536 1384 1596 erat

154 1631 211 1692 per
225 1612 337 1677 Asiam
352 1614 507 1679 minorem
522 1633 625 1696 usque
639 1615 672 1680 in
687 1615 814 1680 ltaliam
830 1615 909 1679 etin
923 1615 1122 1696 Aegyptum,
1148 1623 1180 1681 ct
1194 1615 1225 1679 N
1226 1635 1280 1683 ero
1301 1615 1383 1680 mul-

154 1703 203 1762 tos
217 1698 333 1780 Magos
356 1716 394 1763 ex
413 1699 492 1764 Asia
507 1701 642 1766 Romam
663 1701 797 1766 vocavit.
834 1699 883 1764 Ex
905 1706 1015 1765 eorum
1031 1719 1162 1770 numero
1179 1706 1249 1766 erat
1264 1700 1382 1781 Simon,

155 1783 243 1864 cujus
259 1784 293 1847 in
309 1783 454 1848 Samaria
469 1786 628 1850 versantis
642 1787 713 1851 Act.
730 1786 759 1865 8,
776 1786 804 1849 9.
820 1783 857 1848 lit
872 1786 1008 1864 mentio;
1023 1786 1122 1850 talem
1137 1785 1258 1850 Paulus
1269 1785 1382 1866 Apost.

153 1867 273 1933 invenit
288 1870 375 1950 apud
391 1870 539 1952 Sergium
553 1871 690 1936 Paulum
704 1871 737 1935 in
756 1870 861 1934 insula
877 1869 982 1951 Cypro
998 1869 1081 1950 (Act.
1102 1872 1154 1950 13,
1171 1870 1224 1952 8.).
1261 1870 1382 1952 Ephesi

154 1972 282 2035 quoque
297 1960 331 2018 et
344 1955 377 2019 in
399 1957 583 2037 regionibus
603 1957 715 2022 vicinis
730 1957 899 2038 Magorum
921 1955 1122 2036 disciplinam
1141 1954 1241 2020 fuisse
1263 1975 1381 2037 propa·

154 2043 272 2120 getam,
288 2040 438 2122 colligere
453 2041 528 2106 licet
543 2061 582 2106 ex
595 2043 666 2106 Act.
684 2043 734 2122 19,
751 2042 817 2120 19.,
834 2040 890 2104 ubi
905 2041 998 2106 multi
1012 2040 1086 2106 libri
1101 2041 1217 2122 magici
1230 2041 1383 2122 leguntur

152 2124 215 2206 igni
231 2143 305 2191 esse
319 2127 432 2190 traditi
447 2127 487 2190 ab
503 2127 575 2206 illis,
592 2128 693 2209 quiin
710 2127 873 2192 Christum
889 2125 1110 2205 crediderunt;
1133 2125 1197 2190 imo
1209 2127 1277 2208 jam
1291 2127 1381 2206 prius

157 2209 318 2275 civitatem
339 2211 427 2276 illam
449 2213 575 2294 magiae
596 2213 696 2278 fuisse
715 2212 873 2290 deditam,
904 2216 1065 2276 testantur
1091 2212 1235 2276 nomina:
1262 2211 1381 2300 ἐφέσια

155 2294 347 2380 γράμματα,
374 2297 495 2385 dosora
517 2295 793 2388 ἀλεξιφάρμακα.1
807 2334 850 2341 -
865 2298 1062 2362 ludaeorum
1085 2297 1155 2376 alii,
1182 2302 1219 2361 ut
1241 2297 1381 2378 philoso-

154 2381 263 2460 phiam
279 2382 437 2447 ethnicam
453 2383 658 2449 conciliarent
673 2403 745 2450 cum
758 2383 850 2448 libris
870 2383 988 2463 saorla,
1010 2383 1183 2447 docebant:
1209 2383 1292 2463 Deo,
1316 2383 1382 2447 enti

155 2483 305 2548 supremo
320 2486 358 2532 ac
374 2468 545 2548 spirituali,
571 2469 693 2534 nullum
709 2488 779 2534 esse
793 2487 889 2551 posse
904 2487 976 2534 cum
990 2468 1108 2532 mundo
1123 2467 1283 2533 materiali
1297 2486 1382 2533 com·

154 2551 324 2632 mercium;
360 2553 433 2618 hinc
470 2554 614 2619 diversas
649 2555 836 2620 statuebant
874 2555 993 2620 entium
1023 2554 1174 2618 altiorum
1202 2551 1381 2633 (virtutum,

154 2638 306 2719 aeonum)
322 2639 539 2704 emanationes
555 2659 593 2705 ex
609 2646 682 2706 ente
697 2659 862 2721 supremo,
882 2640 986 2721 iisque
1000 2639 1110 2703 mundi
1131 2639 1325 2704 creationem
1344 2656 1382 2704 ac

154 2722 419 2804 gubernationem
440 2725 674 2790 adscribebant.
711 2726 799 2790 Inter
816 2727 914 2790 hosce
935 2743 1051 2790 aeones
1073 2725 1180 2805 Logos
1204 2724 1382 2804 principem

153 2809 259 2873 tenuit
273 2809 386 2874 locum.
423 2811 540 2874 Omnes
554 2809 601 2874 illi
616 2811 636 2874 J
638 2811 734 2875 udaei
748 2810 894 2874 altiorem
910 2809 971 2874 sibi
986 2808 1212 2874 adscribebant
1227 2809 1381 2894 cognitio·

152 2911 223 2958 nem
248 2893 407 2978 (γνῶσιν),
435 2899 467 2959 et
493 2914 531 2959 ex
558 2913 667 2959 eorum
691 2895 856 2975 principiis
881 2894 984 2976 magis
1010 2893 1143 2958 excultis
1166 2894 1268 2958 scrius
1289 2893 1380 2959 varia

154 2990 248 3044 enata
264 2984 339 3044 sunt
353 2979 577 3045 Gnosticorum
592 2985 776 3061 systemata.

236 3065 269 3129 2.
290 3064 436 3130 Ecclesia
456 3065 619 3146 Ephesina
639 3084 659 3129 a
679 3065 779 3130 Paulo
800 3063 956 3145 Apostolo
980 3069 1051 3128 erat
1074 3062 1221 3143 fundata,
1248 3081 1320 3127 cum
1345 3063 1379 3127 in

151 3151 249 3216 tertio
264 3151 379 3215 itinere
393 3150 513 3216 ibidem
527 3151 594 3216 fere
608 3170 668 3232 per
681 3151 853 3216 triennium
869 3151 1014 3228 doceret,
1037 3151 1106 3229 „ito
1127 3162 1161 3212 ot
1179 3170 1299 3229 omnes,
1324 3148 1383 3232 qai
1491 3223 1496 3232 ¹

150 3233 336 3300 habitabant
348 3237 383 3298 c'o
398 3237 490 3316 Asia,
507 3237 652 3300 audirent
666 3237 791 3300 verbum
805 3235 942 3299 Domini
946 3283 955 3315 ,
978 3233 1101 3298 dodoci
1118 3245 1210 3317 atque
1225 3231 1380 3318 yanta'lec“

151 3319 234 3398 (Act.
256 3321 394 3402 19,1o.).
439 3322 615 3403 Apostolus
637 3322 757 3387 ibidem
778 3321 899 3386 invenit
920 3321 1089 3386 duodecim
1110 3319 1212 3397 viroS,
1239 3318 1294 3399 qui
1315 3337 1378 3381 non
1422 3336 1424 3341 ·

150 3413 322 3486 noverant,
348 3407 409 3471 nisi
424 3407 557 3472 loannis
571 3408 749 3488 baptisma,
776 3407 831 3488 qui
846 3411 955 3471 autem
974 3405 1161 3471 relationem
1180 3403 1276 3484 hujus
1299 3402 1378 3483 bap·

150 3491 237 3556 tismi
261 3493 303 3556 ad
324 3493 414 3557 illum
434 3492 553 3558 Christi
572 3494 678 3558 edocti
698 3493 857 3574 baptizati
879 3491 1004 3557 suntin
1025 3509 1139 3554 nomen
1154 3489 1283 3554 Domini
1298 3487 1378 3553 Jesu

152 3573 273 3642 Christi
288 3576 372 3657 (Act.
390 3577 439 3658 19,
460 3578 573 3659 Ι·-8.),
604 3577 778 3644 Multitudo
795 3582 828 3642 et
841 3576 1027 3658 magnitudo
1042 3574 1277 3653 miraculorum,
1294 3592 1377 3654 quac

150 3659 271 3726 Paulus
286 3664 438 3744 patrabat
454 3663 543 3743 (ibid.
556 3664 772 3745 19,11—-20.),
788 3663 885 3728 etiam
900 3661 1017 3726 multos
1032 3659 1154 3724 in'Asia
1167 3659 1290 3724 minore
1304 3677 1377 3740 per-

151 3749 250 3812 movit
264 3749 424 3828 ludaeos,
448 3749 504 3829 qui
517 3748 756 3829 profundiorem
772 3747 938 3812 scientiam
953 3746 1014 3810 sibi
1029 3744 1268 3825 adscribebant,
1293 3744 1377 3809 utin

150 3831 264 3897 desum
279 3833 441 3898 Christum
464 3835 646 3914 crederent,
672 3834 915 3914 baptizarentur
934 3839 967 3897 et
982 3831 1136 3897 ecclesiae
1150 3849 1223 3896 sese
1233 3829 1378 3896 associa·

151 3922 229 3982 rent
263 3919 325 3984 Ast
346 3919 469 3984 altioris
492 3937 570 3984 suae
589 3917 698 4000 gnosis
713 3918 860 4000 opinione
874 3916 976 3981 inflati
991 3917 1170 3982 doctrinam
1185 3918 1225 3982 dc
1239 3932 1377 3997 persona

152 4007 184 4066 et
198 4017 295 4084 opere
310 4005 331 4068 J
333 4023 391 4070 esu
407 4003 527 4070 Christi
540 4005 581 4069 ab
593 4004 758 4086 Apostolis
772 4003 926 4068 traditam
940 4022 1003 4067 non
1017 4002 1112 4068 docih
1127 4002 1232 4068 animo
1246 4016 1377 4080 recepe-

150 4094 239 4168 runt,
255 4090 313 4154 sed
326 4091 435 4170 potius
451 4091 542 4172 gnosi
558 4109 635 4155 suae
651 4088 901 4168 conformarunt,
924 4088 1034 4168 sicque
1048 4088 1081 4152 in
1096 4085 1159 4151 fide
1173 4085 1376 4166 naufragium

150 4169 294 4240 fecerunt
309 4174 347 4254 (I.
364 4175 443 4239 Tim.
460 4176 489 4255 6,
505 4177 555 4240 20.
572 4177 647 4257 at).
680 4173 847 4257 Ejusmodi
861 4172 1152 4256 pseudochristiani
1167 4190 1203 4237 eo
1218 4169 1376 4251 periculo·

126 4257 252 4324 ·siores
275 4265 382 4340 erant,
410 4281 474 4342 quo
497 4261 673 4326 studiosius
695 4259 870 4325 sententias
890 4277 966 4323 suas
986 4260 1167 4339 propagare
1182 4255 1375 4320 nitebantur.
1495 4296 1497 4300 -

151 4396 353 4410 -—·——-—-—

220 4455 1375 4528 1oftmamoncmcluceoonensisexcoeresynaoemyaermnber.nutarem.
1462 4421 1465 4426 ’

152 4530 410 4586 salemoniiiots.
