3364 5156
776 339 843 344 --——
889 301 949 363 198
994 338 1060 344 —

389 472 621 538 Nonnullorum
658 472 829 550 sententia,
864 473 982 535 Lucam
1015 476 1071 534 aut
1106 471 1330 552 Apostolorum
1362 474 1523 552 quemdam

305 561 405 623 Actus
428 559 460 622 in
482 559 592 639 primis
609 559 767 639 capitibus
783 557 940 638 usquead
957 557 1082 620 initium
1098 577 1123 621 c.
1141 560 1190 621 lb.
1207 577 1224 621 e
1240 557 1429 638 biographia
1443 558 1525 622 Petri

306 650 338 709 et
353 645 521 708 Barnabae
537 645 740 725 compilasse,
756 643 827 708 illas
843 663 917 707 vero
933 647 1059 723 partes,
1076 643 1131 706 ubi
1147 643 1178 706 in
1193 644 1297 725 prima
1311 662 1447 724 persona
1462 644 1524 724 plu-

306 730 365 794 rali
389 735 439 795 est
461 750 578 810 sermo,
606 751 623 796 e
648 730 775 810 scriptis
799 729 957 793 Timothei
981 733 1038 793 ant
1060 729 1146 794 Silae
1167 729 1352 810 repetiisse,
1379 749 1461 794 vana
1483 735 1526 794 est

178 829 185 846 ·
306 817 501 897 hypothesis.

861 950 888 1030 e.
909 951 979 1015 135.

639 1086 815 1150 Dispositio
828 1086 906 1138 libri
918 1089 951 1137 et
964 1090 1197 1148 argumentum.

396 1243 419 1304 l.
451 1241 538 1325 Opus
553 1240 610 1304 hoc
625 1242 659 1303 c'a
675 1239 756 1304 duaa
772 1239 926 1304 dilabatur
937 1253 1056 1325 partes.
1081 1244 1117 1306 In
1129 1247 1222 1324 parte
1233 1243 1345 1323 prima,
1362 1262 1446 1324 quac
1456 1241 1528 1306 illud

306 1346 418 1391 norem
434 1326 561 1391 circiter
575 1347 730 1392 annorum
745 1326 968 1407 complectitur
983 1331 1118 1408 tempus,
1135 1348 1198 1408 qno
1214 1328 1360 1409 Apostoli
1374 1329 1407 1392 in
1423 1327 1529 1392 Palae-

307 1413 390 1477 stina
407 1413 686 1477 commorabantur
701 1413 791 1491 uniti,
809 1413 963 1493 evaugelii
976 1420 1147 1478 narrantur
1158 1432 1349 1495 progressus
1361 1411 1395 1478 et
1406 1413 1530 1478 infesta-

307 1499 411 1562 tiones
426 1517 529 1578 usqne
544 1500 586 1563 ad
601 1499 680 1562 illud
696 1504 839 1579 tempus,
856 1517 918 1578 quo
935 1501 1212 1578 persecutionibus
1227 1501 1258 1563 in
1275 1499 1401 1564 iudaea
1418 1499 1531 1564 exortis

308 1583 497 1649 Antiochiae
511 1584 615 1665 prima
632 1584 884 1648 Christianorum
899 1585 940 1648 ab
957 1584 1144 1649 ethnicismo
1160 1604 1387 1650 conversorum
1403 1585 1532 1650 ecclesia

309 1673 379 1733 erat
402 1673 504 1732 enata.
550 1671 586 1733 In
609 1670 669 1734 hac
690 1671 829 1734 sectione
851 1670 935 1734 inter
959 1689 1067 1734 omnes
1083 1672 1255 1752 Apostolos
1272 1671 1383 1733 Penta
1403 1671 1532 1752 ejusque

308 1755 456 1819 activitas
473 1755 598 1836 eminet,
615 1757 691 1820 dum
707 1755 860 1820 ecclesiae
872 1756 1182 1835 Hierosolymitanae
1198 1776 1275 1820 cura
1287 1757 1405 1819 ‘Iacobo
1420 1757 1535 1818 Meliori

308 1845 394 1904 esset
409 1842 600 1905 concredita.
616 1879 656 1886 —
673 1843 710 1904 In
726 1841 828 1905 altera
843 1846 946 1922 parte,
963 1860 1046 1921 quae
1061 1842 1102 1905 ab
1118 1861 1160 1910 eo,
1171 1843 1282 1924 incipit
1298 1847 1459 1923 tempore,
1476 1861 1532 1922 quo

308 1927 424 1990 Petrus
439 1926 577 1990 mirabili
592 1927 686 1991 modo
704 1948 720 1991 e
737 1946 864 1992 carcere
878 1926 1034 1991 liberatus
1050 1928 1265 1992 Palaestinam
1281 1927 1421 2008 reliquit,
1440 1948 1464 1991 s.
1476 1929 1533 1990 Lu-

309 2026 362 2076 cas
385 2031 456 2076 sese
479 2013 634 2077 convertit
657 2012 702 2074 od
715 2013 852 2074 Paulam
877 2014 1009 2093 ejusque
1025 2014 1222 2077 activitatem
1237 2015 1268 2077 in
1285 2014 1420 2078 diversis
1438 2013 1534 2078 ethni-

309 2117 418 2162 corum
433 2097 632 2178 regionibus:
658 2099 690 2162 in
705 2098 809 2162 insula
826 2098 943 2178 Cypro,
963 2098 996 2161 in
1011 2099 1089 2162 Asia
1104 2099 1231 2179 minori,
1254 2101 1285 2163 in
1302 2100 1493 2164 Macedonia
1507 2103 1535 2162 et

309 2183 446 2261 Achaia;
463 2202 535 2247 cum
550 2188 659 2248 autem
674 2182 849 2264 Apostolus
864 2183 1015 2248 libertate
1031 2190 1117 2249 esset
1131 2186 1293 2265 privatus,
1310 2184 1378 2249 sola
1394 2185 1533 2266 ejusdem

308 2267 376 2332 fata
391 2267 523 2332 uberius
539 2272 748 2349 exponuntur.
785 2269 877 2331 Utin
893 2269 1066 2350 evangelie,
1088 2271 1134 2334 ita
1150 2271 1246 2335 etiam
1261 2272 1294 2335 in
1315 2271 1443 2335 actibus
1458 2270 1535 2352 App.

310 2374 333 2418 s
350 2354 454 2417 Lucas
472 2354 614 2418 ordinem
630 2354 887 2433 chronologicum
903 2355 1060 2418 observat.

396 2440 424 2502 2.
451 2439 674 2523 Argumentum
691 2443 740 2503 est
755 2457 908 2519 sequens:
932 2441 1114 2505 Praemisso
1129 2442 1319 2522 repetitione
1334 2441 1424 2505 brevi
1440 2441 1535 2504 histo

309 2525 377 2588 riae
393 2525 433 2587 de
448 2523 528 2587 lesu
543 2524 574 2587 in
591 2525 713 2588 coelum
728 2525 913 2590 ascensione
929 2527 1031 2590 Lusas
1047 2532 1170 2607 narrat,
1186 2527 1218 2590 in
1233 2525 1419 2606 Apostolos
1439 2525 1535 2590 electo

309 2611 341 2673 in
366 2609 471 2673 locum
492 2608 597 2673 Judae
623 2610 797 2692 proditoris
820 2611 971 2691 Matthia,
998 2609 1080 2676 festo
1105 2617 1308 2692 pentecostes
1332 2611 1490 2692 Spiritum
1515 2630 1536 2674 s.

311 2695 530 2774 descendisse,
555 2715 617 2774 quo
640 2695 725 2760 facto
740 2697 857 2760 Petrus
878 2700 968 2761 tanto
986 2717 1057 2761 cum
1073 2698 1187 2762 effectu
1205 2698 1366 2762 Christum
1383 2701 1416 2761 et
1431 2697 1537 2778 poeni-

311 2780 431 2844 tentiae
451 2781 674 2846 necessitatem
697 2782 910 2862 praedicavit,
937 2788 973 2846 ut
996 2783 1059 2846 tria
1079 2784 1177 2848 millia
1199 2783 1340 2848 fidelium
1355 2783 1448 2864 gregi
1463 2783 1538 2864 bap-

311 2866 406 2930 tismo
430 2865 493 2929 sint
515 2867 675 2932 associata
698 2872 730 2932 et
751 2872 846 2932 aucta
862 2869 1015 2932 miraculo
1032 2888 1051 2931 a
1066 2869 1161 2933 Petro
1178 2878 1211 2934 et
1225 2869 1348 2933 loanne
1362 2873 1494 2948 patrato
1509 2869 1536 2931 in

193 2961 194 2966 ’
311 2951 423 3016 claudo
440 2971 459 3014 a
474 2952 642 3017 nativitate
658 2954 700 3016 ad
716 2953 892 3034 speciosam
913 2953 1025 3033 templi
1043 2961 1178 3035 portam.
1225 2954 1383 3034 Quicquid
1399 2954 1537 3018 ludaeo-

310 3057 380 3101 rum
397 3037 579 3117 synedrium
596 3042 706 3102 contra
721 3038 894 3118 Apostolos
910 3039 1068 3119 moliatur,
1081 3039 1159 3103 nihil
1175 3038 1300 3104 efficere
1315 3038 1410 3118 valet,
1426 3040 1490 3103 nisi
1505 3044 1538 3100 ut

311 3142 421 3187 eorum
436 3122 468 3186 in
484 3124 629 3186 doctrina
646 3123 764 3187 Christi
779 3124 996 3204 praedicanda
1012 3131 1186 3205 augeretur
1200 3125 1322 3203 fervor,
1347 3130 1379 3189 et
1398 3123 1537 3189 fidelium

310 3209 342 3271 in
359 3208 470 3272 eadem
486 3206 667 3287 profitenda
683 3213 841 3274 cresceret
853 3209 941 3273 zelus
953 3229 990 3274 ac
1001 3229 1166 3289 numerus3
1183 3211 1394 3291 multiplicata
1402 3211 1537 3290 Aposto-

310 3293 414 3357 lorum
436 3293 590 3357 miracula
613 3293 660 3373 (in
683 3295 789 3374 specie
804 3314 889 3358 mors
905 3295 1048 3359 Ananiae
1064 3303 1096 3360 et
1112 3296 1268 3376 Saphirae
1283 3297 1481 3377 repentina),
1508 3300 1538 3358 et

311 3379 396 3443 vitae
410 3378 664 3442 Christianorum
680 3380 835 3443 sanctitas
850 3385 940 3444 tanto
954 3381 1057 3461 replet
1068 3381 1249 3446 incredulos
1263 3382 1385 3461 timore,
1401 3385 1438 3444 ut
1451 3398 1537 3444 nemo

313 3464 375 3528 illis
392 3483 463 3528 sese
478 3465 654 3546 adjungere
669 3465 789 3529 audeat
805 3464 844 3544 (c.
863 3466 969 3548 1-5.)

395 3549 559 3614 Ecclesiae
574 3555 780 3631 augmentum
796 3551 838 3615 ad
853 3569 1031 3632 pauperum
1048 3552 1213 3616 servitium
1229 3555 1261 3618 et
1280 3551 1342 3616 alia
1363 3550 1537 3614 ministeria

311 3635 525 3699 necessariam
541 3637 649 3700 reddit
664 3636 851 3700 electionem
868 3642 991 3718 septem
1007 3637 1230 3716 diaconorum,
1246 3638 1330 3702 inter
1345 3655 1425 3718 quos
1442 3633 1537 3715 Spin'-
1660 3686 1664 3719 ,

313 3728 366 3782 tus
382 3739 406 3782 s.
422 3720 513 3784 donis
530 3726 562 3784 et
577 3721 759 3802 eloquentia
782 3722 900 3786 eminet
917 3722 1093 3806 Stephanus
1101 3748 1112 3804 ‚-
1136 3724 1251 3788 crescit
1272 3741 1348 3788 vero
1371 3722 1468 3788 etiam
1484 3721 1537 3784 Ju-
1659 3728 1664 3763 ⁵

313 3805 465 3868 dacorum
481 3806 605 3885 odium,
629 3826 691 3887 quo
707 3807 771 3871 acti
786 3807 818 3870 in
834 3807 1031 3887 Stephanum
1046 3808 1215 3889 insurgunt
1231 3827 1367 3889 eumque
1387 3807 1537 3887 lapidant,
1659 3844 1664 3877 ;

312 3890 389 3953 dum
405 3888 520 3953 Saulus
536 3892 667 3956 testium
682 3893 873 3957 vestimenta
889 3893 1029 3958 custodit
1048 3891 1087 3972 (c.
1104 3893 1132 3956 6.
1150 3894 1202 3974 7.).
1240 3893 1412 3976 Philippos
1435 3891 1537 3955 diaco-

312 3994 371 4038 nus
394 3975 436 4038 ad
458 3972 554 4038 fidem
570 3975 688 4041 Christi
709 3977 866 4042 convertit
881 3978 1099 4050 Samaritanus
1122 3984 1154 4042 et
1174 3979 1352 4043 eunuchum
1376 3975 1537 4052 Candauia,

313 4061 506 4141 Aethiopum
521 4061 665 4141 reginae;
686 4062 749 4126 illis
763 4062 879 4127 Petrus
896 4068 928 4128 et
943 4063 964 4127 J
966 4081 1083 4128 oannes
1104 4062 1244 4146 ablegati
1267 4081 1418 4128 manuum
1440 4062 1538 4140 impo-

313 4145 427 4210 sitione
443 4146 527 4209 dona
542 4146 681 4227 Spiritus
698 4166 721 4212 s.
739 4147 919 4228 conferunt,
944 4153 977 4213 et
992 4149 1108 4212 Petrus
1125 4148 1284 4214 Simonem
1300 4150 1431 4230 Magum
1453 4164 1537 4211 seve-

248 4313 249 4318 *
313 4231 379 4295 rius
409 4231 553 4312 increpat
575 4232 622 4312 '(c.
644 4229 697 4316 8,).
750 4232 866 4296 Socios
904 4234 976 4298 odio
1005 4233 1256 4298 Christianorum
1293 4234 1410 4300 ardens
1439 4229 1537 4296 literis

314 4316 580 4382 commendatitiis
604 4337 623 4382 a
644 4315 795 4398 pontifice
816 4318 993 4383 instructus
1015 4317 1227 4399 proficiscitur
1248 4320 1459 4396 Damascum,
1487 4314 1538 4378 ubi

315 4400 513 4466 Christianos
528 4403 673 4468 inventos
695 4404 944 4485 comprehendat
966 4404 1152 4484 vinctosque
1168 4404 1423 4485 Hierosolymam
1445 4403 1538 4466 ducat

314 4486 508 4566 puniend0s;
531 4488 563 4550 in
578 4489 649 4569 ipsa
672 4493 780 4552 autem
802 4489 854 4552 via
876 4508 896 4552 a
912 4488 1039 4553 Christo
1056 4490 1084 4554 ei
1100 4494 1276 4570 apparente
1291 4489 1485 4555 convertitur
1499 4484 1539 4548 ad

314 4570 422 4651 fidem,
437 4572 588 4638 Damasci
603 4573 796 4654 baptizatur,
812 4573 914 4638 serius
926 4574 1184 4656 Hierosolymam·
1195 4593 1342 4641 reversus
1354 4599 1375 4636 a
1385 4571 1538 4637 Bernaba
