3364 5156
595 303 880 370 -243-

136 476 293 543 ecclesiam
308 473 646 556 Hierosolymitanam,
669 473 749 539 abiit
763 475 966 540 Antiochiam
981 481 1014 541 et
1028 475 1118 540 brevi
1133 479 1207 556 post
1222 473 1352 538 tertiam

135 580 219 628 suam
234 563 275 628 ad
290 561 433 627 ethnicos
449 560 591 642 suscepit
604 560 805 640 missionem,
830 561 864 625 in
884 579 948 642 qua
970 560 1030 626 sub
1053 567 1260 657 auctumnum
1279 558 1353 624 anni

133 648 179 712 54.
211 647 374 728 Ephesum
399 645 508 710 venire
533 645 648 726 potuit.
682 645 804 726 Ephesi
830 646 919 711 etin
946 646 1061 712 itinere
1082 646 1271 712 intermedio
1294 663 1354 725 per

134 732 347 829 Macedoniam
370 731 403 829 in
423 730 561 796 insulam
584 729 713 796 Cretam
734 736 768 796 et
788 730 976 796 Corinthum
996 751 1078 796 anno
1098 731 1150 830 5⁶:
1165 729 1234 796 fere
1254 730 1353 795 trien·

132 814 1051 998 lllctllltlallttltssltitltlallllltt
1065 815 1353 982 thallim

134 989 182 1067 15,
195 988 268 1069 la),
283 987 421 1084 hiemem
435 1005 509 1052 annr
519 987 570 1053 58.
579 985 725 1067 Nicopoli
736 987 876 1068 inEpiro
887 987 1054 1069 transegit,
1071 987 1104 1051 in
1114 985 1247 1064 Achaia,
1259 1004 1353 1083 prae-

135 1072 220 1153 cipue
236 1072 380 1138 Corinthi
394 1091 453 1152 per
467 1077 534 1137 tres
549 1090 675 1136 menses
690 1077 834 1169 moratus
850 1078 909 1154 est,
926 1078 959 1138 et
973 1091 1048 1138 vere
1062 1091 1121 1154 per
1132 1071 1353 1137 Macedomam

134 1163 163 1254 et
175 1156 285 1304 {islam
300 1157 455 1222 minorem
470 1174 619 1222 reversus
634 1165 684 1222 est
698 1157 954 1239 Hierosolymam
968 1157 1078 1238 ibique
1091 1157 1124 1222 in
1139 1155 1265 1221 vincula
1280 1174 1353 1221 oon·

144 1260 177 1306 ec
191 1261 237 1306 us.
441 1261 445 1280 ·’
945 1275 948 1282 ·

101 1362 106 1370 ’
130 1261 141 1323 J
209 1328 244 1410 5)
273 1325 444 1393 Referente
469 1325 605 1389 Eusebio
639 1328 673 1389 irc
703 1326 857 1390 chronico
872 1327 997 1392 Paulos
1022 1328 1144 1391 Romae
1166 1337 1250 1388 mart
1297 1325 1354 1388 ὐννυ

130 1433 238 1496 passos
253 1424 298 1476 est
313 1435 394 1474 anno
409 1411 461 1475 13.
475 1412 612 1476 Neronia
627 1409 693 1490 (67.
709 1430 805 1477 aerae
819 1412 929 1494 vulg),
946 1413 1055 1494 judice
1070 1417 1180 1477 autem
1200 1435 1224 1476 a
1240 1347 1355 1474 ffera-

132 1519 217 1581 aymo
231 1516 314 1563 anno
334 1496 381 1561 14.
396 1496 427 1561 N
428 1496 533 1562 eronis
549 1494 614 1576 (68.
630 1486 726 1562 aeirae
741 1497 872 1578 vrrlg.).¹
902 1497 1007 1563 Priori
1022 1497 1200 1564 sententiae
1214 1494 1355 1577 patroci-

131 1587 221 1647 natur
237 1581 379 1646 Uleoaeao
390 1581 479 1646 Rom.
494 1581 527 1645 in
543 1599 591 1662 ep.
608 1582 650 1646 ad
666 1581 847 1647 Corinthios
862 1601 888 1647 c.
903 1583 943 1661 5,
959 1582 1015 1647 ubi
1030 1582 1124 1647 dicit:
1139 1581 1356 1668 Δικαιοσύνην
1476 1637 1479 1642 .

132 1667 259 1747 διδάξας
276 1663 351 1734 ὅλον
363 1667 419 1734 τὸν
432 1665 568 1751 κόσμον,
594 1669 649 1732 καὶ
665 1666 724 1733 ἐπὶ
744 1667 782 1734 τὸ
801 1666 904 1772 τέρμα
923 1670 981 1756 τῆς
1002 1668 1127 1746 δύσεως
1149 1665 1274 1747 ἐλθών,
1301 1663 1355 1731 καὶ

131 1751 332 1841 μαρτυρήσας
346 1750 406 1818 ἐπὶ
420 1754 488 1817 τῶν
507 1749 694 1900 νζγυυμὲνων
715 1747 820 1830 οὕτως
842 1752 1011 1840 ανσυλλάγη
1030 1754 1089 1818 τοῦ
1112 1751 1248 1834 κόσμου.
1292 1748 1375 1814 Per.

133 1832 327 1924 ἡγουμένους
340 1835 453 1917 procul
468 1837 512 1900 du
535 1836 566 1901 io
581 1836 780 1918 intelligendi
795 1813 992 1902 suntHelioa
1007 1840 1040 1902 et
1049 1835 1237 1922 Polycleteo,
1253 1833 1284 1898 N
1286 1853 1355 1900 ero-

131 1921 176 1986 nis
198 1921 349 2002 clientes,
372 1921 429 2004 qui
450 1921 645 2002 imperatore
660 1922 701 1985 ab
717 1941 799 1987 anno
815 1922 865 1986 66.
881 1940 985 2003 usque
999 1921 1042 1986 ad
1056 1919 1152 1986 finem
1167 1919 1241 1984 anni
1257 1919 1308 1983 67.
1322 1918 1356 1983 in

132 2005 263 2072 Graecia
281 2012 497 2072 commorante
510 2007 637 2088 imperii
651 2007 868 2088 gubernacula
882 2006 1064 2072 tenebant.8
1099 2005 1164 2069 Alii
1178 2024 1238 2087 per
1259 2002 1356 2092 ἡγου-

130 2090 242 2174 μένους
267 2091 452 2174 intelligunt
475 2092 580 2176 chosam
604 2092 759 2155 Neronem
785 2105 814 2156 et
837 2091 984 2172 Helium,
1011 2109 1092 2172 quos
1117 2091 1179 2156 Dio
1203 2088 1357 2154 Cassius³

132 2173 368 2263 αὐτοκράτορας
382 2177 477 2257 dicit,
500 2177 577 2259 quin
591 2196 666 2242 vero
681 2177 836 2258 temporis
851 2177 1022 2243 diversitas
1037 2176 1169 2242 oriatur.
1213 2173 1357 2241 Verbum

129 2267 302 2361 μαρτυρεῖν
315 2281 377 2327 non
392 2263 433 2329 de
448 2261 631 2328 testimonio
647 2262 727 2328 orali
741 2263 885 2346 intellegi
899 2280 1011 2371 posse,
1034 2261 1151 2328 docent
1165 2259 1357 2326 anteceden-

130 2346 181 2427 tia,
195 2347 252 2412 ubl
262 2346 418 2458 ‘Clemens
433 2349 474 2456 de
489 2347 587 2453 Petro
602 2347 697 2456 ἀρυίϊξ
713 2348 883 2456 πλερόνους
892 2346 1187 2458 υνρὲμεινερτόνους,
1202 2345 1258 2413 καὶ
1269 2339 1357 2412 οὕτω
1410 2437 1413 2442 Δ

128 2431 1358 2603 llrttttttttttthattrhlttlt‚hltttltlallll

128 2604 336 2670 asserendum
351 2608 402 2669 est
416 2604 457 2669 de
472 2603 585 2668 eodem
599 2604 697 2670 verbo
712 2604 754 2670 de
768 2603 869 2671 Paulo
884 2604 1038 2670 adhibito.

195 2877 203 2906 ¹
221 2873 265 2926 De
278 2871 342 2926 viris
355 2870 394 2924 ill.
407 2887 430 2925 a.
443 2872 481 2927 ia:
506 2870 574 2937 „Hic
594 2885 658 2939 ergo
673 2870 882 2940 decimoquarto
894 2871 1009 2926 Neronis
1028 2886 1112 2936 anno,
1132 2871 1226 2925 eodem
1244 2869 1288 2925 die
1304 2885 1357 2939 quo

128 2938 236 3006 Petrus,
253 2940 357 3020 Itomae
364 2955 418 3060 Bne
432 2939 793 3061 Qrtissfss’egffiffesffifftlm
806 2940 980 3008 sepultusque
992 2940 1073 2993 estin
1084 2939 1128 2992 via
1139 2938 1268 3004 Ostiensi,
1285 2953 1357 2992 anno

127 3014 353 3156 aegaeam
362 3023 514 3129 affin.
527 3075 562 3128 aa
579 3090 640 3129 ann.
659 3023 700 3129 ln.
724 3048 776 3128 nio
788 3075 863 3129 cass.
874 3074 973 3129 axau.
986 3076 1028 3130 ιν.
1041 3075 1083 3129 ra
1108 3074 1181 3129 suat.
1193 3073 1266 3128 uero
1278 3091 1301 3129 a
1313 3073 1356 3129 aa

129 3142 213 3248 Ταυιρ.
222 3143 384 3267 ffihlll}
396 3145 439 3198 31.
