<?xml version="1.0" encoding="UTF-8"?>
<!DOCTYPE html PUBLIC "-//W3C//DTD XHTML 1.0 Transitional//EN"
    "http://www.w3.org/TR/xhtml1/DTD/xhtml1-transitional.dtd">
<html xmlns="http://www.w3.org/1999/xhtml" xml:lang="en" lang="en">
 <head>
  <title>
</title>
<meta http-equiv="Content-Type" content="text/html;charset=utf-8" />
  <meta name='ocr-system' content='tesseract 3.04.00' />
  <meta name='ocr-capabilities' content='ocr_page ocr_carea ocr_par ocr_line ocrx_word'/>
</head>
<body>
  <div class='ocr_page' id='page_1' title='image "./introductioinsa00gngoog_0121.png"; bbox 0 0 3314 5166; ppageno 0'>
   <div class='ocr_carea' id='block_1_1' title="bbox 808 335 1091 398">
    <p class='ocr_par' dir='ltr' id='par_1_1' title="bbox 808 335 1091 398">
     <span class='ocr_line' id='line_1_1' title="bbox 808 335 1091 398; baseline 0.011 -21"><span class='ocrx_word' id='word_1_1' title='bbox 808 335 1091 398; x_wconf 35' lang='grc'><strong>*106-</strong></span> 
     </span>
    </p>
   </div>
   <div class='ocr_carea' id='block_1_2' title="bbox 335 502 1561 2368">
    <p class='ocr_par' dir='ltr' id='par_1_2' title="bbox 338 502 1554 668">
     <span class='ocr_line' id='line_1_2' title="bbox 338 502 1554 586; baseline 0.002 -20"><span class='ocrx_word' id='word_1_2' title='bbox 338 502 489 567; x_wconf 90' lang='lat' dir='ltr'>nensibus</span> <span class='ocrx_word' id='word_1_3' title='bbox 505 507 537 567; x_wconf 94' lang='grc'>61</span> <span class='ocrx_word' id='word_1_4' title='bbox 552 502 802 569; x_wconf 89' lang='lat' dir='ltr'>occidentalibus</span> <span class='ocrx_word' id='word_1_5' title='bbox 817 505 1074 586; x_wconf 90' lang='lat' dir='ltr'>praerogativam</span> <span class='ocrx_word' id='word_1_6' title='bbox 1091 523 1162 571; x_wconf 90' lang='lat' dir='ltr'>esse</span> <span class='ocrx_word' id='word_1_7' title='bbox 1173 505 1376 570; x_wconf 87' lang='lat' dir='ltr'>tribuendam</span> <span class='ocrx_word' id='word_1_8' title='bbox 1387 523 1466 586; x_wconf 90' lang='lat' dir='ltr'>prae</span> <span class='ocrx_word' id='word_1_9' title='bbox 1479 503 1554 569; x_wconf 81' lang='lat' dir='ltr'>Gon-</span> 
     </span>
     <span class='ocr_line' id='line_1_3' title="bbox 338 587 660 668; baseline 0.003 -17"><span class='ocrx_word' id='word_1_10' title='bbox 338 587 660 668; x_wconf 77' lang='grc'>61611116161116116.1</span> 
     </span>
    </p>

    <p class='ocr_par' dir='ltr' id='par_1_3' title="bbox 336 673 1560 1782">
     <span class='ocr_line' id='line_1_4' title="bbox 423 673 1555 756; baseline 0.003 -21"><span class='ocrx_word' id='word_1_11' title='bbox 423 674 452 735; x_wconf 87' lang='grc'>4.</span> <span class='ocrx_word' id='word_1_12' title='bbox 483 673 582 738; x_wconf 89' lang='lat' dir='ltr'>Annis</span> <span class='ocrx_word' id='word_1_13' title='bbox 602 675 745 754; x_wconf 83' lang='lat' dir='ltr'>proxime</span> <span class='ocrx_word' id='word_1_14' title='bbox 765 676 974 756; x_wconf 89' lang='lat' dir='ltr'>sequentibus</span> <span class='ocrx_word' id='word_1_15' title='bbox 989 683 1165 756; x_wconf 90' lang='lat' dir='ltr'>apparatus</span> <span class='ocrx_word' id='word_1_16' title='bbox 1182 676 1311 741; x_wconf 89' lang='lat' dir='ltr'>criticus</span> <span class='ocrx_word' id='word_1_17' title='bbox 1327 676 1431 740; x_wconf 91' lang='lat' dir='ltr'>denuo</span> <span class='ocrx_word' id='word_1_18' title='bbox 1445 679 1555 740; x_wconf 90' lang='lat' dir='ltr'>auctus</span> 
     </span>
     <span class='ocr_line' id='line_1_5' title="bbox 339 756 1556 843; baseline 0.001 -20"><span class='ocrx_word' id='word_1_19' title='bbox 339 764 389 823; x_wconf 90' lang='lat' dir='ltr'>est</span> <span class='ocrx_word' id='word_1_20' title='bbox 408 777 427 822; x_wconf 93' lang='grc'>6</span> <span class='ocrx_word' id='word_1_21' title='bbox 445 756 556 820; x_wconf 77' lang='lat' dir='ltr'>Christ.</span> <span class='ocrx_word' id='word_1_22' title='bbox 573 757 663 821; x_wconf 81' lang='lat' dir='ltr'>Frt&#39;d.</span> <span class='ocrx_word' id='word_1_23' title='bbox 680 759 836 824; x_wconf 75' lang='lat' dir='ltr'><em>Matthaei</em></span> <span class='ocrx_word' id='word_1_24' title='bbox 853 761 1034 842; x_wconf 82' lang='lat' dir='ltr'><strong>professore</strong></span> <span class='ocrx_word' id='word_1_25' title='bbox 1050 761 1248 843; x_wconf 84' lang='lat' dir='ltr'>Musquensi,</span> <span class='ocrx_word' id='word_1_26' title='bbox 1271 760 1469 842; x_wconf 85' lang='lat' dir='ltr'>aliquamdiu</span> <span class='ocrx_word' id='word_1_27' title='bbox 1485 761 1556 824; x_wconf 92' lang='lat' dir='ltr'>Mis-</span> 
     </span>
     <span class='ocr_line' id='line_1_6' title="bbox 337 844 1556 928; baseline 0.002 -20"><span class='ocrx_word' id='word_1_28' title='bbox 337 844 427 908; x_wconf 91' lang='lat' dir='ltr'>nensi</span> <span class='ocrx_word' id='word_1_29' title='bbox 451 848 482 908; x_wconf 93' lang='lat' dir='ltr'>et</span> <span class='ocrx_word' id='word_1_30' title='bbox 506 844 770 927; x_wconf 90' lang='lat' dir='ltr'>Wittebergensi,</span> <span class='ocrx_word' id='word_1_31' title='bbox 796 847 851 926; x_wconf 90' lang='lat' dir='ltr'>qui</span> <span class='ocrx_word' id='word_1_32' title='bbox 878 849 939 911; x_wconf 89' lang='grc'>103</span> <span class='ocrx_word' id='word_1_33' title='bbox 963 847 1125 912; x_wconf 83' lang='lat' dir='ltr'>codicibus</span> <span class='ocrx_word' id='word_1_34' title='bbox 1149 847 1395 928; x_wconf 89' lang='lat' dir='ltr'>Mosquensibus</span> <span class='ocrx_word' id='word_1_35' title='bbox 1415 845 1556 925; x_wconf 87' lang='lat' dir='ltr'>aliisque,</span> 
     </span>
     <span class='ocr_line' id='line_1_7' title="bbox 338 929 1557 1014; baseline 0.002 -21"><span class='ocrx_word' id='word_1_36' title='bbox 338 929 530 993; x_wconf 81' lang='lat' dir='ltr'>lectionariis</span> <span class='ocrx_word' id='word_1_37' title='bbox 546 935 578 994; x_wconf 91' lang='lat' dir='ltr'>et</span> <span class='ocrx_word' id='word_1_38' title='bbox 593 931 828 996; x_wconf 85' lang='lat' dir='ltr'>commentariis</span> <span class='ocrx_word' id='word_1_39' title='bbox 844 932 968 997; x_wconf 91' lang='lat' dir='ltr'>collatis</span> <span class='ocrx_word' id='word_1_40' title='bbox 984 939 1105 997; x_wconf 86' lang='lat' dir='ltr'>textum</span> <span class='ocrx_word' id='word_1_41' title='bbox 1120 933 1159 997; x_wconf 92' lang='lat' dir='ltr'>N.</span> <span class='ocrx_word' id='word_1_42' title='bbox 1175 932 1209 998; x_wconf 91' lang='lat' dir='ltr'>T.</span> <span class='ocrx_word' id='word_1_43' title='bbox 1226 952 1298 998; x_wconf 91' lang='lat' dir='ltr'>curn</span> <span class='ocrx_word' id='word_1_44' title='bbox 1321 937 1481 1014; x_wconf 86' lang='lat' dir='ltr'>apparatu</span> <span class='ocrx_word' id='word_1_45' title='bbox 1501 932 1557 996; x_wconf 90' lang='lat' dir='ltr'>cri·</span> 
     </span>
     <span class='ocr_line' id='line_1_8' title="bbox 338 1014 1560 1099; baseline 0.002 -21"><span class='ocrx_word' id='word_1_46' title='bbox 338 1014 400 1078; x_wconf 87' lang='grc'><strong>1166</strong></span> <span class='ocrx_word' id='word_1_47' title='bbox 415 1033 529 1094; x_wconf 87' lang='lat' dir='ltr'>graece</span> <span class='ocrx_word' id='word_1_48' title='bbox 546 1022 577 1080; x_wconf 91' lang='lat' dir='ltr'>et</span> <span class='ocrx_word' id='word_1_49' title='bbox 598 1016 696 1082; x_wconf 89' lang='lat' dir='ltr'>latine</span> <span class='ocrx_word' id='word_1_50' title='bbox 719 1017 845 1083; x_wconf 78' lang='lat' dir='ltr'>1av011.</span> <span class='ocrx_word' id='word_1_51' title='bbox 869 1019 897 1082; x_wconf 90' lang='lat'>8.</span> <span class='ocrx_word' id='word_1_52' title='bbox 921 1019 1022 1083; x_wconf 80' lang='lat' dir='ltr'>edidit</span> <span class='ocrx_word' id='word_1_53' title='bbox 1042 1019 1142 1099; x_wconf 87' lang='lat' dir='ltr'>Rigae</span> <span class='ocrx_word' id='word_1_54' title='bbox 1167 1018 1356 1082; x_wconf 78' lang='grc'><strong>1782-88.</strong></span> <span class='ocrx_word' id='word_1_55' title='bbox 1400 1017 1560 1082; x_wconf 89' lang='lat' dir='ltr'>Atrociter</span> 
     </span>
     <span class='ocr_line' id='line_1_9' title="bbox 336 1099 1558 1186; baseline 0.003 -24"><span class='ocrx_word' id='word_1_56' title='bbox 336 1099 534 1180; x_wconf 80' lang='lat' dir='ltr'>impugnavit</span> <span class='ocrx_word' id='word_1_57' title='bbox 547 1100 746 1167; x_wconf 86' lang='lat' dir='ltr'>Griesbachii</span> <span class='ocrx_word' id='word_1_58' title='bbox 761 1104 980 1168; x_wconf 90' lang='lat' dir='ltr'>recensionum</span> <span class='ocrx_word' id='word_1_59' title='bbox 995 1108 1144 1185; x_wconf 89' lang='lat' dir='ltr'>systema,</span> <span class='ocrx_word' id='word_1_60' title='bbox 1159 1103 1400 1186; x_wconf 84' lang='lat' dir='ltr'>praerogativas</span> <span class='ocrx_word' id='word_1_61' title='bbox 1416 1103 1558 1168; x_wconf 91' lang='lat' dir='ltr'>codicum</span> 
     </span>
     <span class='ocr_line' id='line_1_10' title="bbox 338 1185 1557 1267; baseline 0.005 -20"><span class='ocrx_word' id='word_1_62' title='bbox 338 1185 825 1266; x_wconf 86' lang='lat' dir='ltr'>Alexandriao-occidentalium,</span> <span class='ocrx_word' id='word_1_63' title='bbox 852 1190 1078 1254; x_wconf 88' lang='lat' dir='ltr'>auctoritatem</span> <span class='ocrx_word' id='word_1_64' title='bbox 1097 1190 1279 1254; x_wconf 80' lang='lat' dir='ltr'>versionum</span> <span class='ocrx_word' id='word_1_65' title='bbox 1302 1195 1335 1253; x_wconf 92' lang='lat' dir='ltr'>et</span> <span class='ocrx_word' id='word_1_66' title='bbox 1354 1188 1505 1267; x_wconf 83' lang='lat' dir='ltr'>Petrum,</span> <span class='ocrx_word' id='word_1_67' title='bbox 1529 1189 1557 1253; x_wconf 91' lang='lat' dir='ltr'>in</span> 
     </span>
     <span class='ocr_line' id='line_1_11' title="bbox 336 1271 1559 1357; baseline 0.002 -22"><span class='ocrx_word' id='word_1_68' title='bbox 336 1271 607 1352; x_wconf 84' lang='lat' dir='ltr'>speciellrigenis,</span> <span class='ocrx_word' id='word_1_69' title='bbox 624 1277 787 1338; x_wconf 84' lang='lat' dir='ltr'>attextum</span> <span class='ocrx_word' id='word_1_70' title='bbox 803 1274 909 1339; x_wconf 80' lang='grc'><strong>666116</strong></span> <span class='ocrx_word' id='word_1_71' title='bbox 922 1275 1083 1340; x_wconf 86' lang='lat' dir='ltr'>codicibus</span> <span class='ocrx_word' id='word_1_72' title='bbox 1095 1276 1219 1357; x_wconf 87' lang='lat' dir='ltr'>graecis</span> <span class='ocrx_word' id='word_1_73' title='bbox 1229 1274 1402 1340; x_wconf 90' lang='lat' dir='ltr'>restituere</span> <span class='ocrx_word' id='word_1_74' title='bbox 1413 1280 1559 1354; x_wconf 88' lang='lat' dir='ltr'>praeten-</span> 
     </span>
     <span class='ocr_line' id='line_1_12' title="bbox 337 1355 1560 1439; baseline 0.004 -20"><span class='ocrx_word' id='word_1_75' title='bbox 337 1355 393 1420; x_wconf 89' lang='lat' dir='ltr'>dit.</span> <span class='ocrx_word' id='word_1_76' title='bbox 437 1357 589 1422; x_wconf 83' lang='lat' dir='ltr'>Attamen</span> <span class='ocrx_word' id='word_1_77' title='bbox 604 1359 844 1439; x_wconf 90' lang='lat' dir='ltr'>antiquissimus</span> <span class='ocrx_word' id='word_1_78' title='bbox 860 1361 1003 1425; x_wconf 91' lang='lat' dir='ltr'>codicum</span> <span class='ocrx_word' id='word_1_79' title='bbox 1027 1361 1067 1426; x_wconf 91' lang='lat' dir='ltr'>ab</span> <span class='ocrx_word' id='word_1_80' title='bbox 1094 1380 1132 1426; x_wconf 93' lang='lat' dir='ltr'>eo</span> <span class='ocrx_word' id='word_1_81' title='bbox 1157 1360 1374 1425; x_wconf 91' lang='lat' dir='ltr'>adhibitorum</span> <span class='ocrx_word' id='word_1_82' title='bbox 1399 1359 1452 1424; x_wconf 87' lang='lat' dir='ltr'>vix</span> <span class='ocrx_word' id='word_1_83' title='bbox 1479 1359 1560 1424; x_wconf 87' lang='lat' dir='ltr'>ultra</span> 
     </span>
     <span class='ocr_line' id='line_1_13' title="bbox 339 1442 1558 1528; baseline 0.004 -23"><span class='ocrx_word' id='word_1_84' title='bbox 339 1460 420 1507; x_wconf 90' lang='lat' dir='ltr'>saec.</span> <span class='ocrx_word' id='word_1_85' title='bbox 436 1442 490 1505; x_wconf 93' lang='lat' dir='ltr'>IX.</span> <span class='ocrx_word' id='word_1_86' title='bbox 507 1443 666 1522; x_wconf 89' lang='lat' dir='ltr'>ascendit;</span> <span class='ocrx_word' id='word_1_87' title='bbox 689 1445 762 1510; x_wconf 93' lang='lat' dir='ltr'>hinc</span> <span class='ocrx_word' id='word_1_88' title='bbox 777 1451 884 1510; x_wconf 87' lang='lat' dir='ltr'>textus</span> <span class='ocrx_word' id='word_1_89' title='bbox 900 1448 982 1528; x_wconf 76' lang='lat' dir='ltr'>ejuS,</span> <span class='ocrx_word' id='word_1_90' title='bbox 1005 1453 1043 1511; x_wconf 90' lang='lat' dir='ltr'>ut</span> <span class='ocrx_word' id='word_1_91' title='bbox 1058 1447 1098 1511; x_wconf 91' lang='lat' dir='ltr'>ab</span> <span class='ocrx_word' id='word_1_92' title='bbox 1121 1446 1175 1511; x_wconf 92' lang='lat' dir='ltr'>illo</span> <span class='ocrx_word' id='word_1_93' title='bbox 1192 1444 1391 1511; x_wconf 87' lang='lat' dir='ltr'>Griesbachii</span> <span class='ocrx_word' id='word_1_94' title='bbox 1413 1445 1558 1524; x_wconf 85' lang='lat' dir='ltr'>discedit,</span> 
     </span>
     <span class='ocr_line' id='line_1_14' title="bbox 336 1527 1559 1612; baseline 0.004 -22"><span class='ocrx_word' id='word_1_95' title='bbox 336 1527 382 1590; x_wconf 91' lang='lat' dir='ltr'>ita</span> <span class='ocrx_word' id='word_1_96' title='bbox 398 1527 440 1591; x_wconf 89' lang='lat' dir='ltr'>ad</span> <span class='ocrx_word' id='word_1_97' title='bbox 455 1532 578 1592; x_wconf 87' lang='lat' dir='ltr'>textum</span> <span class='ocrx_word' id='word_1_98' title='bbox 593 1535 757 1610; x_wconf 89' lang='lat' dir='ltr'>receptum</span> <span class='ocrx_word' id='word_1_99' title='bbox 771 1532 914 1611; x_wconf 89' lang='lat' dir='ltr'>proxime</span> <span class='ocrx_word' id='word_1_100' title='bbox 929 1532 1068 1612; x_wconf 89' lang='lat' dir='ltr'>accedit,</span> <span class='ocrx_word' id='word_1_101' title='bbox 1093 1538 1126 1597; x_wconf 90' lang='lat' dir='ltr'>et</span> <span class='ocrx_word' id='word_1_102' title='bbox 1140 1532 1182 1596; x_wconf 93' lang='lat' dir='ltr'>ad</span> <span class='ocrx_word' id='word_1_103' title='bbox 1198 1549 1356 1596; x_wconf 90' lang='lat' dir='ltr'>summum</span> <span class='ocrx_word' id='word_1_104' title='bbox 1370 1530 1404 1594; x_wconf 94' lang='lat' dir='ltr'>id</span> <span class='ocrx_word' id='word_1_105' title='bbox 1425 1530 1559 1612; x_wconf 85' lang='lat' dir='ltr'>praebet</span> 
     </span>
     <span class='ocr_line' id='line_1_15' title="bbox 338 1612 1559 1699; baseline 0.002 -22"><span class='ocrx_word' id='word_1_106' title='bbox 338 1612 550 1693; x_wconf 79' lang='lat' dir='ltr'>emolumenti</span> <span class='ocrx_word' id='word_1_107' title='bbox 566 1619 603 1679; x_wconf 91' lang='lat' dir='ltr'>ut</span> <span class='ocrx_word' id='word_1_108' title='bbox 617 1614 751 1680; x_wconf 87' lang='lat' dir='ltr'>formam</span> <span class='ocrx_word' id='word_1_109' title='bbox 767 1633 1003 1698; x_wconf 85' lang='lat' dir='ltr'>cognoscamus,</span> <span class='ocrx_word' id='word_1_110' title='bbox 1020 1618 1146 1699; x_wconf 91' lang='lat' dir='ltr'>qualem</span> <span class='ocrx_word' id='word_1_111' title='bbox 1157 1621 1265 1682; x_wconf 86' lang='lat' dir='ltr'>textus</span> <span class='ocrx_word' id='word_1_112' title='bbox 1277 1635 1368 1681; x_wconf 90' lang='lat' dir='ltr'>sacer</span> <span class='ocrx_word' id='word_1_113' title='bbox 1378 1617 1410 1680; x_wconf 93' lang='lat' dir='ltr'>in</span> <span class='ocrx_word' id='word_1_114' title='bbox 1422 1617 1559 1696; x_wconf 87' lang='lat' dir='ltr'>patriar·</span> 
     </span>
     <span class='ocr_line' id='line_1_16' title="bbox 338 1698 1269 1782; baseline 0.004 -20"><span class='ocrx_word' id='word_1_115' title='bbox 338 1698 433 1762; x_wconf 90' lang='lat' dir='ltr'>chatu</span> <span class='ocrx_word' id='word_1_116' title='bbox 451 1698 800 1782; x_wconf 83' lang='lat' dir='ltr'>Constantinopolitano</span> <span class='ocrx_word' id='word_1_117' title='bbox 817 1708 850 1768; x_wconf 94' lang='grc'>61</span> <span class='ocrx_word' id='word_1_118' title='bbox 863 1703 896 1767; x_wconf 88' lang='grc'>11</span> <span class='ocrx_word' id='word_1_119' title='bbox 912 1704 1046 1768; x_wconf 92' lang='lat' dir='ltr'>circuitu</span> <span class='ocrx_word' id='word_1_120' title='bbox 1062 1708 1175 1768; x_wconf 90' lang='lat' dir='ltr'>nactus</span> <span class='ocrx_word' id='word_1_121' title='bbox 1191 1707 1269 1768; x_wconf 90' lang='lat' dir='ltr'>erat.</span> 
     </span>
    </p>

    <p class='ocr_par' dir='ltr' id='par_1_4' title="bbox 335 1783 1561 2368">
     <span class='ocr_line' id='line_1_17' title="bbox 367 1783 1560 1881; baseline 0.002 -33"><span class='ocrx_word' id='word_1_122' title='bbox 367 1868 373 1881; x_wconf 35' lang='lat'><strong>.</strong></span> <span class='ocrx_word' id='word_1_123' title='bbox 420 1785 538 1848; x_wconf 79' lang='lat' dir='ltr'>Frena</span> <span class='ocrx_word' id='word_1_124' title='bbox 557 1783 692 1850; x_wconf 74' lang='lat' dir='ltr'>Careiae</span> <span class='ocrx_word' id='word_1_125' title='bbox 706 1787 815 1868; x_wconf 80' lang='lat' dir='ltr'>Alter,</span> <span class='ocrx_word' id='word_1_126' title='bbox 841 1788 1004 1869; x_wconf 85' lang='lat' dir='ltr'>professor</span> <span class='ocrx_word' id='word_1_127' title='bbox 1018 1789 1176 1868; x_wconf 85' lang='lat' dir='ltr'>Viennae,</span> <span class='ocrx_word' id='word_1_128' title='bbox 1203 1788 1330 1854; x_wconf 90' lang='lat' dir='ltr'>codices</span> <span class='ocrx_word' id='word_1_129' title='bbox 1352 1786 1560 1867; x_wconf 79' lang='lat' dir='ltr'>perlustravit</span> 
     </span>
     <span class='ocr_line' id='line_1_18' title="bbox 335 1869 1560 1956; baseline 0.002 -23"><span class='ocrx_word' id='word_1_130' title='bbox 335 1869 539 1951; x_wconf 80' lang='lat' dir='ltr'>Viennenses,</span> <span class='ocrx_word' id='word_1_131' title='bbox 554 1872 717 1937; x_wconf 89' lang='lat' dir='ltr'>variantes</span> <span class='ocrx_word' id='word_1_132' title='bbox 731 1873 806 1939; x_wconf 90' lang='lat' dir='ltr'>inde</span> <span class='ocrx_word' id='word_1_133' title='bbox 822 1875 989 1956; x_wconf 82' lang='lat' dir='ltr'>excerpsit,</span> <span class='ocrx_word' id='word_1_134' title='bbox 1006 1880 1038 1939; x_wconf 93' lang='lat' dir='ltr'>et</span> <span class='ocrx_word' id='word_1_135' title='bbox 1052 1875 1261 1955; x_wconf 91' lang='lat' dir='ltr'>praecipuum</span> <span class='ocrx_word' id='word_1_136' title='bbox 1277 1891 1403 1951; x_wconf 92' lang='lat' dir='ltr'>eorum,</span> <span class='ocrx_word' id='word_1_137' title='bbox 1420 1871 1560 1937; x_wconf 82' lang='lat' dir='ltr'>codicem</span> 
     </span>
     <span class='ocr_line' id='line_1_19' title="bbox 335 1956 1560 2041; baseline 0.001 -22"><span class='ocrx_word' id='word_1_138' title='bbox 335 1956 481 2020; x_wconf 87' lang='lat' dir='ltr'>Lambec.</span> <span class='ocrx_word' id='word_1_139' title='bbox 501 1956 527 2020; x_wconf 91' lang='lat'>1.</span> <span class='ocrx_word' id='word_1_140' title='bbox 539 1957 632 2038; x_wconf 89' lang='lat' dir='ltr'>juxta</span> <span class='ocrx_word' id='word_1_141' title='bbox 648 1957 819 2025; x_wconf 90' lang='lat' dir='ltr'>editionem</span> <span class='ocrx_word' id='word_1_142' title='bbox 836 1961 990 2041; x_wconf 85' lang='lat' dir='ltr'>Stephani</span> <span class='ocrx_word' id='word_1_143' title='bbox 1004 1961 1139 2041; x_wconf 85' lang='lat' dir='ltr'>primam</span> <span class='ocrx_word' id='word_1_144' title='bbox 1154 1961 1359 2024; x_wconf 89' lang='lat' dir='ltr'>immutatum</span> <span class='ocrx_word' id='word_1_145' title='bbox 1371 1957 1461 2039; x_wconf 90' lang='lat' dir='ltr'>typis</span> <span class='ocrx_word' id='word_1_146' title='bbox 1474 1976 1560 2024; x_wconf 80' lang='lat' dir='ltr'>excu-</span> 
     </span>
     <span class='ocr_line' id='line_1_20' title="bbox 335 2042 1561 2112; baseline 0.001 -7"><span class='ocrx_word' id='word_1_147' title='bbox 335 2042 474 2105; x_wconf 93' lang='lat' dir='ltr'>dendum</span> <span class='ocrx_word' id='word_1_148' title='bbox 489 2043 613 2107; x_wconf 89' lang='lat' dir='ltr'>curavit</span> <span class='ocrx_word' id='word_1_149' title='bbox 627 2049 659 2108; x_wconf 91' lang='lat' dir='ltr'>et</span> <span class='ocrx_word' id='word_1_150' title='bbox 674 2044 707 2108; x_wconf 92' lang='lat' dir='ltr'>in</span> <span class='ocrx_word' id='word_1_151' title='bbox 722 2045 847 2112; x_wconf 93' lang='lat' dir='ltr'>duobus</span> <span class='ocrx_word' id='word_1_152' title='bbox 862 2046 1076 2111; x_wconf 88' lang='lat' dir='ltr'>voluminibus</span> <span class='ocrx_word' id='word_1_153' title='bbox 1090 2046 1217 2110; x_wconf 92' lang='lat' dir='ltr'>addidit</span> <span class='ocrx_word' id='word_1_154' title='bbox 1230 2044 1392 2109; x_wconf 88' lang='lat' dir='ltr'>variantes</span> <span class='ocrx_word' id='word_1_155' title='bbox 1408 2043 1561 2108; x_wconf 78' lang='grc'><strong>62161111</strong></span> 
     </span>
     <span class='ocr_line' id='line_1_21' title="bbox 335 2126 1560 2212; baseline 0.002 -21"><span class='ocrx_word' id='word_1_156' title='bbox 335 2126 497 2192; x_wconf 87' lang='lat' dir='ltr'>codicibus</span> <span class='ocrx_word' id='word_1_157' title='bbox 512 2128 760 2212; x_wconf 86' lang='lat' dir='ltr'>Viennensibus,</span> <span class='ocrx_word' id='word_1_158' title='bbox 784 2151 802 2197; x_wconf 90' lang='grc'>6</span> <span class='ocrx_word' id='word_1_159' title='bbox 816 2151 914 2197; x_wconf 88' lang='lat' dir='ltr'>verss.</span> <span class='ocrx_word' id='word_1_160' title='bbox 930 2131 1066 2211; x_wconf 91' lang='lat' dir='ltr'>slavica,</span> <span class='ocrx_word' id='word_1_161' title='bbox 1088 2131 1214 2212; x_wconf 87' lang='lat' dir='ltr'>coptica</span> <span class='ocrx_word' id='word_1_162' title='bbox 1228 2136 1262 2195; x_wconf 91' lang='lat' dir='ltr'>et</span> <span class='ocrx_word' id='word_1_163' title='bbox 1280 2129 1381 2193; x_wconf 90' lang='lat' dir='ltr'>latina</span> <span class='ocrx_word' id='word_1_164' title='bbox 1403 2129 1560 2206; x_wconf 85' lang='lat' dir='ltr'>collectas,</span> 
     </span>
     <span class='ocr_line' id='line_1_22' title="bbox 335 2211 1560 2298; baseline 0.001 -22"><span class='ocrx_word' id='word_1_165' title='bbox 335 2213 423 2276; x_wconf 89' lang='lat' dir='ltr'>etad</span> <span class='ocrx_word' id='word_1_166' title='bbox 446 2211 540 2277; x_wconf 88' lang='lat' dir='ltr'>finem</span> <span class='ocrx_word' id='word_1_167' title='bbox 561 2213 713 2280; x_wconf 92' lang='lat' dir='ltr'>lectiones</span> <span class='ocrx_word' id='word_1_168' title='bbox 736 2217 926 2298; x_wconf 90' lang='lat' dir='ltr'>originarias</span> <span class='ocrx_word' id='word_1_169' title='bbox 949 2217 1067 2283; x_wconf 90' lang='lat' dir='ltr'>codicis</span> <span class='ocrx_word' id='word_1_170' title='bbox 1082 2216 1246 2281; x_wconf 81' lang='lat' dir='ltr'>lambecii</span> <span class='ocrx_word' id='word_1_171' title='bbox 1266 2215 1426 2280; x_wconf 90' lang='lat' dir='ltr'>indicavit.</span> <span class='ocrx_word' id='word_1_172' title='bbox 1476 2216 1560 2295; x_wconf 91' lang='lat' dir='ltr'>Opus</span> 
     </span>
     <span class='ocr_line' id='line_1_23' title="bbox 335 2296 1116 2368; baseline 0.006 -7"><span class='ocrx_word' id='word_1_173' title='bbox 335 2296 396 2363; x_wconf 91' lang='lat' dir='ltr'>hoc</span> <span class='ocrx_word' id='word_1_174' title='bbox 410 2297 514 2362; x_wconf 91' lang='lat' dir='ltr'>tribus</span> <span class='ocrx_word' id='word_1_175' title='bbox 529 2299 600 2363; x_wconf 90' lang='lat' dir='ltr'>voll.</span> <span class='ocrx_word' id='word_1_176' title='bbox 617 2299 646 2364; x_wconf 87' lang='grc'>8.</span> <span class='ocrx_word' id='word_1_177' title='bbox 663 2301 784 2367; x_wconf 93' lang='lat' dir='ltr'>editum</span> <span class='ocrx_word' id='word_1_178' title='bbox 800 2307 850 2367; x_wconf 91' lang='lat' dir='ltr'>est</span> <span class='ocrx_word' id='word_1_179' title='bbox 865 2303 1007 2368; x_wconf 90' lang='lat' dir='ltr'>Viennae</span> <span class='ocrx_word' id='word_1_180' title='bbox 1023 2303 1116 2366; x_wconf 89' lang='grc'><strong>1787.</strong></span> 
     </span>
    </p>
   </div>
   <div class='ocr_carea' id='block_1_3' title="bbox 418 2365 1649 2468">
    <p class='ocr_par' dir='ltr' id='par_1_5' title="bbox 418 2365 1649 2468">
     <span class='ocr_line' id='line_1_24' title="bbox 418 2365 1649 2468; baseline 0.002 -23"><span class='ocrx_word' id='word_1_181' title='bbox 418 2382 566 2446; x_wconf 75' lang='lat' dir='ltr'>Andrean</span> <span class='ocrx_word' id='word_1_182' title='bbox 582 2384 697 2466; x_wconf 70' lang='lat' dir='ltr'>thch,</span> <span class='ocrx_word' id='word_1_183' title='bbox 719 2386 881 2468; x_wconf 87' lang='lat' dir='ltr'>professor</span> <span class='ocrx_word' id='word_1_184' title='bbox 896 2388 1055 2467; x_wconf 90' lang='lat' dir='ltr'>Havniae,</span> <span class='ocrx_word' id='word_1_185' title='bbox 1078 2388 1110 2452; x_wconf 92' lang='grc'>11</span> <span class='ocrx_word' id='word_1_186' title='bbox 1133 2386 1302 2452; x_wconf 83' lang='lat' dir='ltr'>itineribus</span> <span class='ocrx_word' id='word_1_187' title='bbox 1321 2384 1389 2450; x_wconf 86' lang='lat' dir='ltr'>suis</span> <span class='ocrx_word' id='word_1_188' title='bbox 1408 2384 1559 2466; x_wconf 73' lang='grc'><strong>1611161-</strong></span> <span class='ocrx_word' id='word_1_189' title='bbox 1648 2365 1649 2378; x_wconf 75' lang='lat'>.</span> 
     </span>
    </p>
   </div>
   <div class='ocr_carea' id='block_1_4' title="bbox 333 2468 1560 3064">
    <p class='ocr_par' dir='ltr' id='par_1_6' title="bbox 333 2468 1560 3064">
     <span class='ocr_line' id='line_1_25' title="bbox 334 2468 1560 2539; baseline 0.001 -7"><span class='ocrx_word' id='word_1_190' title='bbox 334 2468 472 2532; x_wconf 91' lang='lat' dir='ltr'>maniam</span> <span class='ocrx_word' id='word_1_191' title='bbox 492 2474 524 2534; x_wconf 93' lang='lat' dir='ltr'>et</span> <span class='ocrx_word' id='word_1_192' title='bbox 547 2469 673 2534; x_wconf 89' lang='lat' dir='ltr'>Italiam</span> <span class='ocrx_word' id='word_1_193' title='bbox 694 2474 838 2538; x_wconf 91' lang='lat' dir='ltr'>codicum</span> <span class='ocrx_word' id='word_1_194' title='bbox 858 2474 909 2539; x_wconf 94' lang='lat' dir='ltr'>hic</span> <span class='ocrx_word' id='word_1_195' title='bbox 929 2478 1167 2538; x_wconf 88' lang='lat' dir='ltr'>asservatorum</span> <span class='ocrx_word' id='word_1_196' title='bbox 1190 2471 1407 2538; x_wconf 89' lang='lat' dir='ltr'>accuratiores</span> <span class='ocrx_word' id='word_1_197' title='bbox 1422 2470 1560 2535; x_wconf 89' lang='lat' dir='ltr'>instituit</span> 
     </span>
     <span class='ocr_line' id='line_1_26' title="bbox 335 2553 1560 2637; baseline 0.001 -18"><span class='ocrx_word' id='word_1_198' title='bbox 335 2553 532 2634; x_wconf 68' lang='lat' dir='ltr'>collationes</span> <span class='ocrx_word' id='word_1_199' title='bbox 558 2555 646 2620; x_wconf 90' lang='lat' dir='ltr'>hisco</span> <span class='ocrx_word' id='word_1_200' title='bbox 665 2558 791 2623; x_wconf 90' lang='lat' dir='ltr'>addidit</span> <span class='ocrx_word' id='word_1_201' title='bbox 812 2559 964 2625; x_wconf 91' lang='lat' dir='ltr'>lectiones</span> <span class='ocrx_word' id='word_1_202' title='bbox 984 2560 1145 2625; x_wconf 89' lang='lat' dir='ltr'>variantes</span> <span class='ocrx_word' id='word_1_203' title='bbox 1169 2555 1429 2637; x_wconf 88' lang='lat' dir='ltr'>emanuscriptis</span> <span class='ocrx_word' id='word_1_204' title='bbox 1445 2556 1560 2622; x_wconf 90' lang='lat' dir='ltr'>versio·</span> 
     </span>
     <span class='ocr_line' id='line_1_27' title="bbox 333 2640 1560 2726; baseline 0.002 -23"><span class='ocrx_word' id='word_1_205' title='bbox 333 2659 409 2704; x_wconf 91' lang='lat' dir='ltr'>num</span> <span class='ocrx_word' id='word_1_206' title='bbox 424 2640 620 2720; x_wconf 88' lang='lat' dir='ltr'>syriacarum</span> <span class='ocrx_word' id='word_1_207' title='bbox 636 2642 785 2709; x_wconf 91' lang='lat' dir='ltr'>collectas</span> <span class='ocrx_word' id='word_1_208' title='bbox 801 2663 820 2708; x_wconf 87' lang='lat' dir='ltr'>a</span> <span class='ocrx_word' id='word_1_209' title='bbox 836 2645 974 2726; x_wconf 86' lang='lat' dir='ltr'>Georgio</span> <span class='ocrx_word' id='word_1_210' title='bbox 988 2645 1060 2709; x_wconf 83' lang='lat' dir='ltr'>Chr.</span> <span class='ocrx_word' id='word_1_211' title='bbox 1072 2644 1180 2724; x_wconf 91' lang='lat' dir='ltr'>Adler,</span> <span class='ocrx_word' id='word_1_212' title='bbox 1195 2644 1297 2722; x_wconf 91' lang='lat' dir='ltr'>Dano,</span> <span class='ocrx_word' id='word_1_213' title='bbox 1314 2642 1369 2724; x_wconf 91' lang='lat' dir='ltr'>qui</span> <span class='ocrx_word' id='word_1_214' title='bbox 1383 2642 1560 2707; x_wconf 86' lang='lat' dir='ltr'>versionem</span> 
     </span>
     <span class='ocr_line' id='line_1_28' title="bbox 334 2725 1560 2811; baseline 0.002 -23"><span class='ocrx_word' id='word_1_215' title='bbox 334 2725 690 2806; x_wconf 88' lang='lat' dir='ltr'>syro-palaestinensem</span> <span class='ocrx_word' id='word_1_216' title='bbox 705 2729 887 2809; x_wconf 88' lang='lat' dir='ltr'>detexerat;</span> <span class='ocrx_word' id='word_1_217' title='bbox 907 2750 1002 2811; x_wconf 91' lang='lat' dir='ltr'>porro</span> <span class='ocrx_word' id='word_1_218' title='bbox 1018 2730 1163 2811; x_wconf 88' lang='lat' dir='ltr'>adjunxit</span> <span class='ocrx_word' id='word_1_219' title='bbox 1185 2734 1318 2809; x_wconf 86' lang='lat' dir='ltr'>excepta</span> <span class='ocrx_word' id='word_1_220' title='bbox 1334 2727 1468 2808; x_wconf 86' lang='lat' dir='ltr'>Georgii</span> <span class='ocrx_word' id='word_1_221' title='bbox 1485 2727 1560 2792; x_wconf 90' lang='lat' dir='ltr'>Mol-</span> 
     </span>
     <span class='ocr_line' id='line_1_29' title="bbox 334 2811 1560 2898; baseline 0.003 -24"><span class='ocrx_word' id='word_1_222' title='bbox 334 2811 497 2876; x_wconf 91' lang='lat' dir='ltr'>denhauer</span> <span class='ocrx_word' id='word_1_223' title='bbox 512 2831 529 2877; x_wconf 98' lang='grc'>6</span> <span class='ocrx_word' id='word_1_224' title='bbox 544 2812 706 2880; x_wconf 89' lang='lat' dir='ltr'>codicibus</span> <span class='ocrx_word' id='word_1_225' title='bbox 722 2816 902 2896; x_wconf 74' lang='lat' dir='ltr'>hispanicis</span> <span class='ocrx_word' id='word_1_226' title='bbox 919 2820 952 2882; x_wconf 91' lang='lat' dir='ltr'>et</span> <span class='ocrx_word' id='word_1_227' title='bbox 967 2820 1143 2898; x_wconf 90' lang='lat' dir='ltr'>apparatus</span> <span class='ocrx_word' id='word_1_228' title='bbox 1156 2814 1258 2880; x_wconf 90' lang='lat' dir='ltr'>critici</span> <span class='ocrx_word' id='word_1_229' title='bbox 1270 2814 1315 2879; x_wconf 92' lang='lat' dir='ltr'>sic</span> <span class='ocrx_word' id='word_1_230' title='bbox 1327 2813 1414 2878; x_wconf 92' lang='lat' dir='ltr'>aucti</span> <span class='ocrx_word' id='word_1_231' title='bbox 1425 2813 1560 2894; x_wconf 90' lang='lat' dir='ltr'>primam</span> 
     </span>
     <span class='ocr_line' id='line_1_30' title="bbox 333 2899 1559 2983; baseline 0.002 -22"><span class='ocrx_word' id='word_1_232' title='bbox 333 2902 471 2978; x_wconf 87' lang='lat' dir='ltr'>partem,</span> <span class='ocrx_word' id='word_1_233' title='bbox 498 2917 581 2979; x_wconf 89' lang='lat' dir='ltr'>qnae</span> <span class='ocrx_word' id='word_1_234' title='bbox 602 2901 766 2983; x_wconf 89' lang='lat' dir='ltr'>evangeha</span> <span class='ocrx_word' id='word_1_235' title='bbox 782 2901 1019 2983; x_wconf 90' lang='lat' dir='ltr'>complectitur,</span> <span class='ocrx_word' id='word_1_236' title='bbox 1046 2920 1110 2965; x_wconf 92' lang='lat' dir='ltr'>una</span> <span class='ocrx_word' id='word_1_237' title='bbox 1125 2920 1196 2965; x_wconf 93' lang='lat' dir='ltr'>curn</span> <span class='ocrx_word' id='word_1_238' title='bbox 1210 2899 1309 2964; x_wconf 88' lang='lat' dir='ltr'>tertia</span> <span class='ocrx_word' id='word_1_239' title='bbox 1325 2899 1483 2979; x_wconf 86' lang='lat' dir='ltr'>Stephani</span> <span class='ocrx_word' id='word_1_240' title='bbox 1499 2899 1559 2964; x_wconf 92' lang='lat' dir='ltr'>edi·</span> 
     </span>
     <span class='ocr_line' id='line_1_31' title="bbox 333 2983 1559 3064; baseline 0.002 -18"><span class='ocrx_word' id='word_1_241' title='bbox 333 2983 419 3047; x_wconf 89' lang='lat' dir='ltr'>tione</span> <span class='ocrx_word' id='word_1_242' title='bbox 434 2983 523 3064; x_wconf 91' lang='lat' dir='ltr'>prelo</span> <span class='ocrx_word' id='word_1_243' title='bbox 547 2984 695 3050; x_wconf 89' lang='lat' dir='ltr'>submisit</span> <span class='ocrx_word' id='word_1_244' title='bbox 710 2986 855 3052; x_wconf 88' lang='lat' dir='ltr'>Havniae</span> <span class='ocrx_word' id='word_1_245' title='bbox 872 2988 963 3051; x_wconf 89' lang='grc'><strong>1788.</strong></span> <span class='ocrx_word' id='word_1_246' title='bbox 1009 2987 1092 3063; x_wconf 86' lang='lat' dir='ltr'>Quia</span> <span class='ocrx_word' id='word_1_247' title='bbox 1113 2986 1295 3051; x_wconf 91' lang='lat' dir='ltr'>incendium</span> <span class='ocrx_word' id='word_1_248' title='bbox 1309 2984 1456 3049; x_wconf 89' lang='lat' dir='ltr'>Havniae</span> <span class='ocrx_word' id='word_1_249' title='bbox 1475 3003 1559 3049; x_wconf 85' lang='lat' dir='ltr'>exor-</span> 
     </span>
    </p>
   </div>
   <div class='ocr_carea' id='block_1_5' title="bbox 332 3069 1648 3152">
    <p class='ocr_par' dir='ltr' id='par_1_7' title="bbox 332 3069 1648 3152">
     <span class='ocr_line' id='line_1_32' title="bbox 332 3069 1648 3152; baseline -0.001 -18"><span class='ocrx_word' id='word_1_250' title='bbox 332 3074 401 3134; x_wconf 90' lang='lat' dir='ltr'>tum</span> <span class='ocrx_word' id='word_1_251' title='bbox 416 3069 559 3134; x_wconf 83' lang='lat' dir='ltr'>chartam</span> <span class='ocrx_word' id='word_1_252' title='bbox 575 3078 607 3135; x_wconf 90' lang='lat' dir='ltr'>et</span> <span class='ocrx_word' id='word_1_253' title='bbox 622 3077 715 3152; x_wconf 87' lang='lat' dir='ltr'>typos</span> <span class='ocrx_word' id='word_1_254' title='bbox 739 3074 928 3152; x_wconf 90' lang='lat' dir='ltr'>consumsit,</span> <span class='ocrx_word' id='word_1_255' title='bbox 952 3071 1085 3137; x_wconf 87' lang='lat' dir='ltr'>alterius</span> <span class='ocrx_word' id='word_1_256' title='bbox 1109 3071 1212 3152; x_wconf 90' lang='lat' dir='ltr'>partis</span> <span class='ocrx_word' id='word_1_257' title='bbox 1235 3069 1358 3135; x_wconf 88' lang='lat' dir='ltr'>nonnisi</span> <span class='ocrx_word' id='word_1_258' title='bbox 1382 3075 1557 3150; x_wconf 89' lang='lat' dir='ltr'>apparatus</span> <span class='ocrx_word' id='word_1_259' title='bbox 1647 3111 1648 3118; x_wconf 74' lang='lat'>.</span> 
     </span>
    </p>
   </div>
   <div class='ocr_carea' id='block_1_6' title="bbox 299 3153 1559 3736">
    <p class='ocr_par' dir='ltr' id='par_1_8' title="bbox 333 3153 979 3236">
     <span class='ocr_line' id='line_1_33' title="bbox 333 3153 979 3236; baseline 0.002 -16"><span class='ocrx_word' id='word_1_260' title='bbox 333 3153 463 3220; x_wconf 90' lang='lat' dir='ltr'>criticus</span> <span class='ocrx_word' id='word_1_261' title='bbox 480 3155 532 3219; x_wconf 92' lang='lat' dir='ltr'>edi</span> <span class='ocrx_word' id='word_1_262' title='bbox 547 3157 653 3236; x_wconf 90' lang='lat' dir='ltr'>potuit</span> <span class='ocrx_word' id='word_1_263' title='bbox 668 3157 813 3222; x_wconf 89' lang='lat' dir='ltr'>Havniae</span> <span class='ocrx_word' id='word_1_264' title='bbox 831 3158 922 3221; x_wconf 81' lang='grc'><strong>1798.</strong></span> <span class='ocrx_word' id='word_1_265' title='bbox 938 3192 979 3201; x_wconf 91' lang='grc'>-</span> 
     </span>
    </p>

    <p class='ocr_par' dir='ltr' id='par_1_9' title="bbox 332 3239 1559 3493">
     <span class='ocr_line' id='line_1_34' title="bbox 418 3239 1559 3323; baseline 0 -20"><span class='ocrx_word' id='word_1_266' title='bbox 418 3239 631 3320; x_wconf 87' lang='lat' dir='ltr'>Praecipuum</span> <span class='ocrx_word' id='word_1_267' title='bbox 646 3241 750 3307; x_wconf 93' lang='lat' dir='ltr'>locum</span> <span class='ocrx_word' id='word_1_268' title='bbox 765 3243 798 3306; x_wconf 91' lang='lat' dir='ltr'>in</span> <span class='ocrx_word' id='word_1_269' title='bbox 819 3244 879 3308; x_wconf 92' lang='lat' dir='ltr'>hoc</span> <span class='ocrx_word' id='word_1_270' title='bbox 901 3261 998 3323; x_wconf 89' lang='lat' dir='ltr'>opere</span> <span class='ocrx_word' id='word_1_271' title='bbox 1019 3245 1156 3322; x_wconf 89' lang='lat' dir='ltr'>occupat</span> <span class='ocrx_word' id='word_1_272' title='bbox 1176 3240 1358 3306; x_wconf 89' lang='lat' dir='ltr'>accuratior</span> <span class='ocrx_word' id='word_1_273' title='bbox 1380 3257 1418 3304; x_wconf 94' lang='lat' dir='ltr'>ac</span> <span class='ocrx_word' id='word_1_274' title='bbox 1438 3239 1559 3321; x_wconf 91' lang='lat' dir='ltr'>plenior</span> 
     </span>
     <span class='ocr_line' id='line_1_35' title="bbox 332 3325 1558 3409; baseline -0.005 -17"><span class='ocrx_word' id='word_1_275' title='bbox 332 3325 459 3392; x_wconf 89' lang='lat' dir='ltr'>collatio</span> <span class='ocrx_word' id='word_1_276' title='bbox 476 3325 594 3390; x_wconf 92' lang='lat' dir='ltr'>codicis</span> <span class='ocrx_word' id='word_1_277' title='bbox 611 3327 638 3389; x_wconf 93' lang='grc' dir='ltr'><strong>Β</strong></span> <span class='ocrx_word' id='word_1_278' title='bbox 654 3332 687 3392; x_wconf 89' lang='grc'>61</span> <span class='ocrx_word' id='word_1_279' title='bbox 701 3329 856 3392; x_wconf 87' lang='lat' dir='ltr'>versionis</span> <span class='ocrx_word' id='word_1_280' title='bbox 872 3326 1220 3409; x_wconf 86' lang='lat' dir='ltr'>syro-palaestinensis,</span> <span class='ocrx_word' id='word_1_281' title='bbox 1245 3326 1335 3406; x_wconf 90' lang='lat' dir='ltr'>cujus</span> <span class='ocrx_word' id='word_1_282' title='bbox 1350 3325 1507 3391; x_wconf 90' lang='lat' dir='ltr'>lectiones</span> <span class='ocrx_word' id='word_1_283' title='bbox 1521 3325 1558 3389; x_wconf 88' lang='lat' dir='ltr'>ad</span> 
     </span>
     <span class='ocr_line' id='line_1_36' title="bbox 333 3411 874 3493; baseline -0.002 -15"><span class='ocrx_word' id='word_1_284' title='bbox 333 3411 546 3478; x_wconf 89' lang='lat' dir='ltr'>occidentales</span> <span class='ocrx_word' id='word_1_285' title='bbox 562 3412 694 3493; x_wconf 91' lang='lat' dir='ltr'>propius</span> <span class='ocrx_word' id='word_1_286' title='bbox 709 3415 874 3478; x_wconf 90' lang='lat' dir='ltr'>accedunt.</span> 
     </span>
    </p>

    <p class='ocr_par' dir='ltr' id='par_1_10' title="bbox 299 3495 1559 3736">
     <span class='ocr_line' id='line_1_37' title="bbox 417 3495 1559 3579; baseline -0.001 -19"><span class='ocrx_word' id='word_1_287' title='bbox 417 3496 508 3562; x_wconf 89' lang='lat' dir='ltr'>Nova</span> <span class='ocrx_word' id='word_1_288' title='bbox 523 3501 630 3562; x_wconf 85' lang='lat' dir='ltr'>textus</span> <span class='ocrx_word' id='word_1_289' title='bbox 646 3498 790 3563; x_wconf 88' lang='lat' dir='ltr'>subsidia</span> <span class='ocrx_word' id='word_1_290' title='bbox 805 3499 916 3564; x_wconf 90' lang='lat' dir='ltr'>critica</span> <span class='ocrx_word' id='word_1_291' title='bbox 930 3497 1048 3579; x_wconf 91' lang='lat' dir='ltr'>partim</span> <span class='ocrx_word' id='word_1_292' title='bbox 1063 3517 1083 3561; x_wconf 91' lang='lat' dir='ltr'>a</span> <span class='ocrx_word' id='word_1_293' title='bbox 1098 3515 1143 3576; x_wconf 91' lang='lat' dir='ltr'>se,</span> <span class='ocrx_word' id='word_1_294' title='bbox 1158 3496 1277 3577; x_wconf 89' lang='lat' dir='ltr'>partim</span> <span class='ocrx_word' id='word_1_295' title='bbox 1292 3497 1333 3560; x_wconf 95' lang='lat' dir='ltr'>ab</span> <span class='ocrx_word' id='word_1_296' title='bbox 1349 3495 1421 3560; x_wconf 90' lang='lat' dir='ltr'>aliis</span> <span class='ocrx_word' id='word_1_297' title='bbox 1434 3497 1559 3562; x_wconf 90' lang='lat' dir='ltr'>detecta</span> 
     </span>
     <span class='ocr_line' id='line_1_38' title="bbox 299 3581 1559 3666; baseline 0 -22"><span class='ocrx_word' id='word_1_298' title='bbox 299 3603 303 3610; x_wconf 94' lang='lat'>·</span> <span class='ocrx_word' id='word_1_299' title='bbox 333 3581 571 3645; x_wconf 71' lang='lat' dir='ltr'>Ga&#39;esbachetrm</span> <span class='ocrx_word' id='word_1_300' title='bbox 587 3590 829 3666; x_wconf 88' lang='lat' dir='ltr'>permoverunt,</span> <span class='ocrx_word' id='word_1_301' title='bbox 853 3591 890 3649; x_wconf 92' lang='lat' dir='ltr'>ut</span> <span class='ocrx_word' id='word_1_302' title='bbox 909 3583 1012 3650; x_wconf 83' lang='lat' dir='ltr'>textui</span> <span class='ocrx_word' id='word_1_303' title='bbox 1031 3582 1226 3648; x_wconf 91' lang='lat' dir='ltr'>recensendo</span> <span class='ocrx_word' id='word_1_304' title='bbox 1248 3582 1352 3647; x_wconf 91' lang='lat' dir='ltr'>denuo</span> <span class='ocrx_word' id='word_1_305' title='bbox 1375 3582 1559 3647; x_wconf 88' lang='lat' dir='ltr'>admoveret</span> 
     </span>
     <span class='ocr_line' id='line_1_39' title="bbox 332 3667 1557 3736; baseline -0.002 -6"><span class='ocrx_word' id='word_1_306' title='bbox 332 3687 459 3731; x_wconf 90' lang='lat' dir='ltr'>manum</span> <span class='ocrx_word' id='word_1_307' title='bbox 473 3669 506 3733; x_wconf 90' lang='lat' dir='ltr'>in</span> <span class='ocrx_word' id='word_1_308' title='bbox 522 3669 660 3736; x_wconf 91' lang='lat' dir='ltr'>editione</span> <span class='ocrx_word' id='word_1_309' title='bbox 677 3671 817 3736; x_wconf 90' lang='lat' dir='ltr'>secunda</span> <span class='ocrx_word' id='word_1_310' title='bbox 832 3671 957 3735; x_wconf 91' lang='lat' dir='ltr'>duobus</span> <span class='ocrx_word' id='word_1_311' title='bbox 972 3669 1044 3734; x_wconf 94' lang='lat' dir='ltr'>voll.</span> <span class='ocrx_word' id='word_1_312' title='bbox 1061 3669 1089 3732; x_wconf 88' lang='lat'>8.</span> <span class='ocrx_word' id='word_1_313' title='bbox 1105 3667 1209 3733; x_wconf 88' lang='lat' dir='ltr'>Halae</span> <span class='ocrx_word' id='word_1_314' title='bbox 1221 3667 1293 3732; x_wconf 83' lang='lat' dir='ltr'>San.</span> <span class='ocrx_word' id='word_1_315' title='bbox 1310 3667 1401 3730; x_wconf 88' lang='grc'><strong>1796.</strong></span> <span class='ocrx_word' id='word_1_316' title='bbox 1419 3671 1453 3732; x_wconf 92' lang='grc'>61</span> <span class='ocrx_word' id='word_1_317' title='bbox 1470 3667 1557 3732; x_wconf 87' lang='lat'>1806.</span> 
     </span>
    </p>
   </div>
   <div class='ocr_carea' id='block_1_7' title="bbox 332 3752 1647 3838">
    <p class='ocr_par' dir='ltr' id='par_1_11' title="bbox 332 3752 1647 3838">
     <span class='ocr_line' id='line_1_40' title="bbox 332 3752 1647 3838; baseline -0.001 -23"><span class='ocrx_word' id='word_1_318' title='bbox 332 3752 441 3817; x_wconf 87' lang='lat' dir='ltr'>Editio</span> <span class='ocrx_word' id='word_1_319' title='bbox 455 3754 535 3819; x_wconf 90' lang='lat' dir='ltr'>haec</span> <span class='ocrx_word' id='word_1_320' title='bbox 549 3755 656 3835; x_wconf 90' lang='lat' dir='ltr'>priore</span> <span class='ocrx_word' id='word_1_321' title='bbox 671 3755 772 3820; x_wconf 92' lang='lat' dir='ltr'>multo</span> <span class='ocrx_word' id='word_1_322' title='bbox 794 3756 993 3821; x_wconf 86' lang='lat' dir='ltr'>emendatior</span> <span class='ocrx_word' id='word_1_323' title='bbox 1014 3753 1194 3835; x_wconf 89' lang='lat' dir='ltr'>praemissa</span> <span class='ocrx_word' id='word_1_324' title='bbox 1215 3753 1315 3818; x_wconf 90' lang='lat' dir='ltr'>habet</span> <span class='ocrx_word' id='word_1_325' title='bbox 1334 3752 1558 3838; x_wconf 89' lang='lat' dir='ltr'>prolegomena</span> <span class='ocrx_word' id='word_1_326' title='bbox 1646 3773 1647 3786; x_wconf 55' lang='lat'>¹</span> 
     </span>
    </p>
   </div>
   <div class='ocr_carea' id='block_1_8' title="bbox 332 3837 1557 4093">
    <p class='ocr_par' dir='ltr' id='par_1_12' title="bbox 332 3837 1557 4093">
     <span class='ocr_line' id='line_1_41' title="bbox 332 3837 1557 3921; baseline -0.001 -21"><span class='ocrx_word' id='word_1_327' title='bbox 332 3838 506 3921; x_wconf 90' lang='lat' dir='ltr'>praeclara,</span> <span class='ocrx_word' id='word_1_328' title='bbox 523 3858 606 3920; x_wconf 92' lang='lat' dir='ltr'>quae</span> <span class='ocrx_word' id='word_1_329' title='bbox 617 3842 700 3907; x_wconf 90' lang='lat' dir='ltr'>inter</span> <span class='ocrx_word' id='word_1_330' title='bbox 715 3841 779 3906; x_wconf 88' lang='lat' dir='ltr'>alia</span> <span class='ocrx_word' id='word_1_331' title='bbox 794 3841 951 3906; x_wconf 89' lang='lat' dir='ltr'>theoriam</span> <span class='ocrx_word' id='word_1_332' title='bbox 967 3839 1111 3904; x_wconf 91' lang='lat' dir='ltr'>criticam</span> <span class='ocrx_word' id='word_1_333' title='bbox 1126 3839 1298 3916; x_wconf 87' lang='lat' dir='ltr'>continent,</span> <span class='ocrx_word' id='word_1_334' title='bbox 1315 3845 1348 3902; x_wconf 90' lang='lat' dir='ltr'>et</span> <span class='ocrx_word' id='word_1_335' title='bbox 1361 3856 1420 3917; x_wconf 90' lang='lat' dir='ltr'>per</span> <span class='ocrx_word' id='word_1_336' title='bbox 1434 3837 1557 3918; x_wconf 92' lang='lat' dir='ltr'>longius</span> 
     </span>
     <span class='ocr_line' id='line_1_42' title="bbox 332 3921 1556 4008; baseline -0.002 -20"><span class='ocrx_word' id='word_1_337' title='bbox 332 3931 460 4003; x_wconf 91' lang='lat' dir='ltr'>tempus</span> <span class='ocrx_word' id='word_1_338' title='bbox 482 3943 574 3990; x_wconf 92' lang='lat' dir='ltr'>omne</span> <span class='ocrx_word' id='word_1_339' title='bbox 596 3927 671 3991; x_wconf 91' lang='lat' dir='ltr'>tulit</span> <span class='ocrx_word' id='word_1_340' title='bbox 692 3933 860 4008; x_wconf 91' lang='lat' dir='ltr'>punctum,</span> <span class='ocrx_word' id='word_1_341' title='bbox 883 3926 987 3990; x_wconf 90' lang='lat' dir='ltr'>itaut</span> <span class='ocrx_word' id='word_1_342' title='bbox 1008 3929 1115 3988; x_wconf 88' lang='lat' dir='ltr'>textus</span> <span class='ocrx_word' id='word_1_343' title='bbox 1136 3923 1205 4004; x_wconf 91' lang='lat' dir='ltr'>ejus</span> <span class='ocrx_word' id='word_1_344' title='bbox 1220 3923 1271 3988; x_wconf 94' lang='grc'>161</span> <span class='ocrx_word' id='word_1_345' title='bbox 1285 3921 1408 4002; x_wconf 85' lang='lat' dir='ltr'>absque</span> <span class='ocrx_word' id='word_1_346' title='bbox 1423 3923 1474 3988; x_wconf 92' lang='grc'>161</span> <span class='ocrx_word' id='word_1_347' title='bbox 1490 3940 1556 3986; x_wconf 92' lang='lat' dir='ltr'>cum</span> 
     </span>
     <span class='ocr_line' id='line_1_43' title="bbox 332 4006 1555 4093; baseline -0.004 -17"><span class='ocrx_word' id='word_1_348' title='bbox 332 4009 608 4077; x_wconf 87' lang='lat' dir='ltr'>emendationibus</span> <span class='ocrx_word' id='word_1_349' title='bbox 623 4011 717 4077; x_wconf 85' lang='lat' dir='ltr'>lactis</span> <span class='ocrx_word' id='word_1_350' title='bbox 732 4012 917 4093; x_wconf 81' lang='lat' dir='ltr'>frequenter</span> <span class='ocrx_word' id='word_1_351' title='bbox 931 4010 1178 4091; x_wconf 88' lang='lat' dir='ltr'>imprimeretur,</span> <span class='ocrx_word' id='word_1_352' title='bbox 1194 4029 1221 4073; x_wconf 92' lang='lat' dir='ltr'>v.</span> <span class='ocrx_word' id='word_1_353' title='bbox 1234 4029 1264 4090; x_wconf 90' lang='lat' dir='ltr'>g.</span> <span class='ocrx_word' id='word_1_354' title='bbox 1277 4006 1422 4073; x_wconf 82' lang='lat' dir='ltr'>aChrist.</span> <span class='ocrx_word' id='word_1_355' title='bbox 1432 4009 1555 4088; x_wconf 88' lang='lat' dir='ltr'>Knapp‚</span> 
     </span>
    </p>
   </div>
   <div class='ocr_carea' id='block_1_9' title="bbox 331 4179 1554 4344">
    <p class='ocr_par' dir='ltr' id='par_1_13' title="bbox 331 4179 1554 4344">
     <span class='ocr_line' id='line_1_44' title="bbox 400 4179 1554 4287; baseline -0.006 -22"><span class='ocrx_word' id='word_1_356' title='bbox 400 4217 408 4247; x_wconf 91' lang='lat'>¹</span> <span class='ocrx_word' id='word_1_357' title='bbox 427 4212 517 4265; x_wconf 90' lang='lat' dir='ltr'>Primo</span> <span class='ocrx_word' id='word_1_358' title='bbox 548 4211 698 4265; x_wconf 87' lang='lat' dir='ltr'>redierunt:</span> <span class='ocrx_word' id='word_1_359' title='bbox 710 4212 785 4265; x_wconf 90' lang='lat' dir='ltr'>Libri</span> <span class='ocrx_word' id='word_1_360' title='bbox 797 4179 917 4266; x_wconf 83' lang='lat' dir='ltr'>historici</span> <span class='ocrx_word' id='word_1_361' title='bbox 928 4210 962 4264; x_wconf 87' lang='lat' dir='ltr'>N.</span> <span class='ocrx_word' id='word_1_362' title='bbox 976 4210 1007 4264; x_wconf 90' lang='lat' dir='ltr'>T.</span> <span class='ocrx_word' id='word_1_363' title='bbox 1020 4224 1122 4279; x_wconf 85' lang='lat' dir='ltr'>graece.</span> <span class='ocrx_word' id='word_1_364' title='bbox 1147 4210 1214 4262; x_wconf 87' lang='lat' dir='ltr'>Pars</span> <span class='ocrx_word' id='word_1_365' title='bbox 1227 4209 1307 4276; x_wconf 89' lang='lat' dir='ltr'>prior,</span> <span class='ocrx_word' id='word_1_366' title='bbox 1321 4208 1418 4262; x_wconf 87' lang='lat' dir='ltr'>sistens</span> <span class='ocrx_word' id='word_1_367' title='bbox 1432 4208 1554 4287; x_wconf 80' lang='lat' dir='ltr'>synopsin</span> 
     </span>
     <span class='ocr_line' id='line_1_45' title="bbox 331 4276 1553 4344; baseline -0.007 -8"><span class='ocrx_word' id='word_1_368' title='bbox 331 4299 386 4336; x_wconf 92' lang='grc'><strong>611.</strong></span> <span class='ocrx_word' id='word_1_369' title='bbox 399 4281 496 4334; x_wconf 86' lang='lat' dir='ltr'>Matth.</span> <span class='ocrx_word' id='word_1_370' title='bbox 540 4280 597 4334; x_wconf 90' lang='lat' dir='ltr'>arci</span> <span class='ocrx_word' id='word_1_371' title='bbox 609 4287 636 4333; x_wconf 91' lang='lat' dir='ltr'>et</span> <span class='ocrx_word' id='word_1_372' title='bbox 647 4280 712 4333; x_wconf 86' lang='lat' dir='ltr'>Luc.</span> <span class='ocrx_word' id='word_1_373' title='bbox 739 4279 855 4334; x_wconf 83' lang='lat' dir='ltr'>Textunr</span> <span class='ocrx_word' id='word_1_374' title='bbox 868 4280 902 4333; x_wconf 88' lang='lat' dir='ltr'>ad</span> <span class='ocrx_word' id='word_1_375' title='bbox 915 4279 995 4332; x_wconf 90' lang='lat' dir='ltr'>fidem</span> <span class='ocrx_word' id='word_1_376' title='bbox 1009 4278 1138 4343; x_wconf 91' lang='lat' dir='ltr'>codicum,</span> <span class='ocrx_word' id='word_1_377' title='bbox 1150 4293 1233 4331; x_wconf 88' lang='lat' dir='ltr'>versa.</span> <span class='ocrx_word' id='word_1_378' title='bbox 1247 4283 1274 4331; x_wconf 93' lang='lat' dir='ltr'>et</span> <span class='ocrx_word' id='word_1_379' title='bbox 1285 4283 1354 4344; x_wconf 91' lang='lat' dir='ltr'>patr.</span> <span class='ocrx_word' id='word_1_380' title='bbox 1368 4276 1519 4330; x_wconf 80' lang='lat' dir='ltr'>emendavit</span> <span class='ocrx_word' id='word_1_381' title='bbox 1529 4279 1553 4328; x_wconf 88' lang='lat' dir='ltr'>et</span> 
     </span>
    </p>
   </div>
   <div class='ocr_carea' id='block_1_10' title="bbox 331 4339 1646 4416">
    <p class='ocr_par' dir='ltr' id='par_1_14' title="bbox 331 4339 1646 4416">
     <span class='ocr_line' id='line_1_46' title="bbox 331 4339 1646 4416; baseline -0.006 -13"><span class='ocrx_word' id='word_1_382' title='bbox 331 4350 452 4403; x_wconf 89' lang='lat' dir='ltr'>lectionis</span> <span class='ocrx_word' id='word_1_383' title='bbox 471 4349 628 4404; x_wconf 86' lang='lat' dir='ltr'>varietatem</span> <span class='ocrx_word' id='word_1_384' title='bbox 646 4348 798 4416; x_wconf 90' lang='lat' dir='ltr'>adjecitJo.</span> <span class='ocrx_word' id='word_1_385' title='bbox 810 4348 868 4402; x_wconf 88' lang='lat' dir='ltr'>Jac.</span> <span class='ocrx_word' id='word_1_386' title='bbox 882 4347 1036 4401; x_wconf 84' lang='lat' dir='ltr'>Griesbach.</span> <span class='ocrx_word' id='word_1_387' title='bbox 1054 4346 1141 4400; x_wconf 89' lang='lat' dir='ltr'>Halae</span> <span class='ocrx_word' id='word_1_388' title='bbox 1155 4346 1216 4400; x_wconf 82' lang='lat' dir='ltr'>Sex.</span> <span class='ocrx_word' id='word_1_389' title='bbox 1230 4346 1305 4398; x_wconf 84' lang='grc'><strong>1774.</strong></span> <span class='ocrx_word' id='word_1_390' title='bbox 1329 4376 1363 4384; x_wconf 92' lang='grc'><strong>-</strong></span> <span class='ocrx_word' id='word_1_391' title='bbox 1384 4346 1450 4398; x_wconf 88' lang='lat' dir='ltr'>Pars</span> <span class='ocrx_word' id='word_1_392' title='bbox 1469 4349 1553 4412; x_wconf 88' lang='lat' dir='ltr'>poste·</span> <span class='ocrx_word' id='word_1_393' title='bbox 1645 4339 1646 4380; x_wconf 78' lang='grc'>1</span> 
     </span>
    </p>
   </div>
   <div class='ocr_carea' id='block_1_11' title="bbox 331 4413 1552 4680">
    <p class='ocr_par' dir='ltr' id='par_1_15' title="bbox 331 4413 1552 4680">
     <span class='ocr_line' id='line_1_47' title="bbox 331 4413 1551 4484; baseline -0.007 -12"><span class='ocrx_word' id='word_1_394' title='bbox 331 4420 393 4483; x_wconf 89' lang='lat' dir='ltr'>rior,</span> <span class='ocrx_word' id='word_1_395' title='bbox 406 4419 503 4472; x_wconf 87' lang='lat' dir='ltr'>sistens</span> <span class='ocrx_word' id='word_1_396' title='bbox 517 4435 555 4471; x_wconf 90' lang='lat' dir='ltr'>ev.</span> <span class='ocrx_word' id='word_1_397' title='bbox 569 4417 680 4470; x_wconf 89' lang='lat' dir='ltr'>Joannis</span> <span class='ocrx_word' id='word_1_398' title='bbox 692 4422 720 4470; x_wconf 91' lang='grc'>61</span> <span class='ocrx_word' id='word_1_399' title='bbox 732 4423 783 4470; x_wconf 89' lang='lat' dir='ltr'>act.</span> <span class='ocrx_word' id='word_1_400' title='bbox 796 4418 866 4484; x_wconf 92' lang='lat' dir='ltr'>App.</span> <span class='ocrx_word' id='word_1_401' title='bbox 879 4416 942 4469; x_wconf 91' lang='lat' dir='ltr'>ibid.</span> <span class='ocrx_word' id='word_1_402' title='bbox 956 4414 1031 4469; x_wconf 85' lang='grc'><strong>1775.</strong></span> <span class='ocrx_word' id='word_1_403' title='bbox 1045 4416 1069 4468; x_wconf 88' lang='grc'>8.</span> <span class='ocrx_word' id='word_1_404' title='bbox 1091 4447 1124 4454; x_wconf 90' lang='grc'>-</span> <span class='ocrx_word' id='word_1_405' title='bbox 1145 4415 1248 4468; x_wconf 87' lang='lat' dir='ltr'>Eodem</span> <span class='ocrx_word' id='word_1_406' title='bbox 1260 4429 1341 4467; x_wconf 85' lang='lat' dir='ltr'>anno:</span> <span class='ocrx_word' id='word_1_407' title='bbox 1362 4413 1395 4466; x_wconf 91' lang='lat' dir='ltr'>N.</span> <span class='ocrx_word' id='word_1_408' title='bbox 1409 4413 1439 4467; x_wconf 89' lang='lat' dir='ltr'>T.</span> <span class='ocrx_word' id='word_1_409' title='bbox 1451 4426 1551 4480; x_wconf 82' lang='lat' dir='ltr'>graece.</span> 
     </span>
     <span class='ocr_line' id='line_1_48' title="bbox 332 4481 1552 4549; baseline -0.005 -10"><span class='ocrx_word' id='word_1_410' title='bbox 332 4486 447 4540; x_wconf 84' lang='lat' dir='ltr'>Textum</span> <span class='ocrx_word' id='word_1_411' title='bbox 464 4488 498 4541; x_wconf 88' lang='lat' dir='ltr'>ad</span> <span class='ocrx_word' id='word_1_412' title='bbox 516 4486 597 4540; x_wconf 90' lang='lat' dir='ltr'>fidem</span> <span class='ocrx_word' id='word_1_413' title='bbox 615 4485 690 4539; x_wconf 91' lang='lat' dir='ltr'>codd.</span> <span class='ocrx_word' id='word_1_414' title='bbox 704 4490 754 4538; x_wconf 91' lang='lat' dir='ltr'>etc.</span> <span class='ocrx_word' id='word_1_415' title='bbox 773 4485 926 4538; x_wconf 76' lang='grc'><strong>76111111.</strong></span> <span class='ocrx_word' id='word_1_416' title='bbox 940 4499 954 4536; x_wconf 89' lang='grc'>6</span> <span class='ocrx_word' id='word_1_417' title='bbox 973 4482 1066 4536; x_wconf 88' lang='lat' dir='ltr'>istolas</span> <span class='ocrx_word' id='word_1_418' title='bbox 1083 4499 1174 4537; x_wconf 90' lang='lat' dir='ltr'>omnes</span> <span class='ocrx_word' id='word_1_419' title='bbox 1192 4489 1219 4535; x_wconf 90' lang='lat' dir='ltr'>et</span> <span class='ocrx_word' id='word_1_420' title='bbox 1237 4497 1311 4549; x_wconf 90' lang='lat' dir='ltr'>apoc.</span> <span class='ocrx_word' id='word_1_421' title='bbox 1324 4481 1510 4548; x_wconf 88' lang='lat' dir='ltr'>complectens.</span> <span class='ocrx_word' id='word_1_422' title='bbox 1523 4509 1552 4518; x_wconf 89' lang='lat'>-</span> 
     </span>
     <span class='ocr_line' id='line_1_49' title="bbox 332 4500 973 4621; baseline -0.008 -12"><span class='ocrx_word' id='word_1_423' title='bbox 332 4555 593 4609; x_wconf 86' lang='grc' dir='ltr'><strong>Α1161777.161.Ι.</strong></span> <span class='ocrx_word' id='word_1_424' title='bbox 607 4571 662 4608; x_wconf 81' lang='lat' dir='ltr'>err.</span> <span class='ocrx_word' id='word_1_425' title='bbox 681 4560 709 4606; x_wconf 89' lang='lat' dir='ltr'>et</span> <span class='ocrx_word' id='word_1_426' title='bbox 724 4560 775 4607; x_wconf 87' lang='lat' dir='ltr'>act.</span> <span class='ocrx_word' id='word_1_427' title='bbox 789 4554 858 4621; x_wconf 85' lang='lat' dir='ltr'>App.</span> <span class='ocrx_word' id='word_1_428' title='bbox 876 4500 973 4619; x_wconf 76' lang='lat' dir='ltr'>compl</span> 
     </span>
     <span class='ocr_line' id='line_1_50' title="bbox 331 4621 709 4680; baseline -0.005 -2"><span class='ocrx_word' id='word_1_429' title='bbox 331 4623 420 4678; x_wconf 80' lang='lat' dir='ltr'>2voll.</span> <span class='ocrx_word' id='word_1_430' title='bbox 446 4623 531 4680; x_wconf 78' lang='lat' dir='ltr'>Halae</span> <span class='ocrx_word' id='word_1_431' title='bbox 545 4624 619 4680; x_wconf 82' lang='grc'><strong>1785.</strong></span> <span class='ocrx_word' id='word_1_432' title='bbox 635 4621 709 4678; x_wconf 85' lang='grc'><strong>1793.</strong></span> 
     </span>
    </p>
   </div>
   <div class='ocr_carea' id='block_1_12' title="bbox 965 4547 1646 4619">
    <p class='ocr_par' dir='ltr' id='par_1_16' title="bbox 965 4547 1646 4619">
     <span class='ocr_line' id='line_1_51' title="bbox 965 4547 1646 4619; baseline -0.004 -15"><span class='ocrx_word' id='word_1_433' title='bbox 965 4557 1055 4605; x_wconf 83' lang='grc'><strong>661616</strong></span> <span class='ocrx_word' id='word_1_434' title='bbox 1071 4558 1122 4605; x_wconf 84' lang='grc'><strong>616.</strong></span> <span class='ocrx_word' id='word_1_435' title='bbox 1148 4550 1202 4605; x_wconf 81' lang='lat' dir='ltr'>Cir.</span> <span class='ocrx_word' id='word_1_436' title='bbox 1221 4551 1280 4618; x_wconf 88' lang='lat' dir='ltr'>ejus</span> <span class='ocrx_word' id='word_1_437' title='bbox 1297 4550 1407 4619; x_wconf 84' lang='lat' dir='ltr'>symbol.</span> <span class='ocrx_word' id='word_1_438' title='bbox 1426 4547 1550 4603; x_wconf 86' lang='lat' dir='ltr'>criticum.</span> <span class='ocrx_word' id='word_1_439' title='bbox 1645 4577 1646 4580; x_wconf 60' lang='lat'><em>=</em></span> 
     </span>
    </p>
   </div>
   <div class='ocr_carea' id='block_1_13' title="bbox 0 0 1662 5166">
    <p class='ocr_par' dir='ltr' id='par_1_17' title="bbox 0 0 1662 5166">
     <span class='ocr_line' id='line_1_52' title="bbox 0 0 1662 5166; baseline 0 2"><span class='ocrx_word' id='word_1_440' title='bbox 0 0 1662 5166; x_wconf 95' lang='lat' dir='ltr'> </span> 
     </span>
    </p>
   </div>
  </div>
 </body>
</html>
