3364 5156
620 313 905 375 —261—

701 531 728 612 s.
754 533 823 597 res.

412 667 549 726 Quando
563 671 596 719 et
607 667 666 718 ubi
683 667 762 719 haec
775 667 914 730 epistola
927 668 1049 730 scripta
1063 668 1115 721 sit.

232 821 382 906 Epistola
396 822 473 884 haec
488 822 608 906 scripta
624 833 668 884 est
681 823 714 882 t'n
730 822 821 884 tertio
842 823 952 884 o'tc'nere
972 845 997 886 a.
1017 821 1121 885 Pauli
1141 823 1310 906 apostolico
1318 873 1327 908 ,
1355 839 1383 890 et

147 905 274 990 quidem
288 907 413 990 Ephesi
426 929 507 969 anno
522 907 572 969 57.
617 905 700 970 Nam
717 905 766 986 16,
782 906 811 970 5.
828 906 923 972 dicit:
953 907 1110 987 „Veniam
1133 921 1234 972 autem
1254 908 1300 972 od
1319 933 1382 992 vos,-

146 1015 218 1054 cam
233 991 454 1055 Macedoniam
462 988 720 1076 pertranmcffl,
745 996 820 1056 etv.
837 990 882 1055 8.:
912 991 1127 1073 „Permaneto
1144 1007 1247 1056 autem
1262 993 1386 1079 Ephesi

146 1099 246 1160 usqae
261 1076 307 1140 od
316 1077 542 1161 pentecosten.“
577 1075 671 1140 Unde
686 1080 793 1156 patet,
814 1077 985 1157 epistolam
1000 1081 1143 1142 nostram
1158 1077 1279 1158 Ephesi
1295 1084 1328 1144 et
1344 1100 1381 1146 eo

145 1168 293 1242 tempore
309 1162 463 1242 scriptam
479 1180 558 1241 esse,
576 1181 639 1242 quo
651 1162 827 1241 Apostolus
842 1163 916 1226 inde
933 1161 1135 1227 discessurus
1148 1169 1218 1227 erat
1229 1164 1262 1227 in
1274 1165 1381 1231 Mace-

147 1246 285 1327 doniam,
303 1267 379 1328 ergo
394 1247 427 1310 in
443 1248 539 1312 tertio
554 1248 678 1326 itinere,
694 1248 727 1312 in
743 1267 806 1327 quo
819 1248 948 1328 Epheso
965 1248 1077 1313 rehcta
1088 1267 1147 1330 per
1159 1249 1380 1315 Macedoniam

146 1351 262 1396 revera
277 1333 364 1396 venit
380 1331 606 1412 Conrinthum‚
624 1351 723 1414 quum
737 1333 770 1396 in
787 1333 926 1398 secundo
941 1333 1056 1398 itinere
1070 1333 1199 1415 Epheso
1215 1335 1380 1415 digressus

146 1417 404 1498 Hierosolymam
418 1423 553 1498 peteret.
600 1419 775 1482 Praeterea
790 1419 824 1498 5,
848 1419 875 1482 7.
897 1419 957 1483 ait:
980 1417 1192 1519 „Ecporpate
1213 1433 1297 1484 caus
1308 1419 1380 1504 fcr-

146 1515 295 1582 mentam‚
318 1505 436 1567 assitis
451 1526 531 1566 novo
547 1505 724 1588 conmercia
744 1502 895 1585 (massa),
923 1506 1003 1566 sicut
1025 1527 1127 1588 asperet
1148 1505 1240 1586 estes5
1270 1507 1381 1570 mortim

143 1585 269 1670 pascha
283 1600 422 1651 nostum
437 1589 615 1652 immolatis
630 1603 673 1651 est
690 1587 863 1652 Christusf‘
885 1589 1009 1654 Alludit
1018 1589 1193 1668 Apostolus
1210 1591 1252 1653 ad
1262 1589 1380 1655 festum

146 1673 315 1752 paschale,
338 1674 423 1737 unde
439 1674 588 1754 colligere
603 1673 691 1751 licet,
716 1674 884 1753 epistolam
898 1675 981 1737 hanc
997 1674 1081 1737 circa
1095 1672 1214 1738 festum
1228 1677 1380 1755 paschale

147 1762 180 1820 et
194 1759 242 1822 ita
258 1777 330 1823 esse
344 1760 489 1838 missam,
517 1765 554 1822 ut
569 1765 713 1838 tempore
731 1759 826 1839 hujus
847 1757 921 1823 testi
938 1757 1082 1822 Corinthi
1105 1758 1233 1838 publice
1254 1760 1379 1840 praele-

147 1851 288 1924 geretur.

640 2055 642 2058 .
704 1978 731 2058 ἓ.
751 1979 820 2044 170.

452 2115 605 2166 Gravitas
619 2119 651 2166 st
661 2113 788 2164 utilitas
800 2114 895 2175 hujus
908 2113 1074 2174 epistolae.

234 2267 382 2348 Epistola
397 2269 475 2333 haec
491 2267 614 2331 ambitu
626 2274 659 2332 et
670 2267 850 2348 argumenti
866 2267 1025 2348 gravitate
1036 2266 1082 2330 illi
1094 2268 1304 2334 adRomanos
1316 2289 1377 2350 per

147 2359 208 2433 est,
230 2372 293 2417 non
309 2354 438 2434 quidem
453 2358 602 2432 respectu
618 2353 808 2434 dogmatico,
833 2353 890 2417 sed
910 2353 1034 2416 ratione
1049 2352 1160 2417 habita
1176 2354 1261 2419 vitae
1277 2355 1376 2420 eccle-

147 2439 308 2518 siasticae,
333 2438 437 2519 quahs
459 2443 567 2502 aetate
589 2438 765 2519 apostolica
786 2439 819 2502 in
838 2438 973 2502 diversis
994 2438 1072 2502 locis
1089 2457 1124 2502 se
1139 2439 1375 2520 manifestabat,

147 2529 181 2589 et
200 2525 293 2604 juxta
313 2524 510 2588 voluntatem
533 2542 557 2587 s.
574 2523 666 2587 Pauli
686 2530 756 2588 eret
775 2523 980 2588 instituenda.
1027 2523 1117 2600 Quae
1133 2524 1216 2589 enim
1232 2523 1377 2590 Corinthi

146 2609 189 2673 ob
205 2609 369 2690 pecularia
384 2609 536 2688 adjuncta
551 2615 658 2674 motae
678 2614 769 2672 erant
789 2609 993 2688 quaestiones
1015 2614 1047 2673 et
1062 2609 1252 2675 solutionem
1267 2629 1377 2676 neces·

146 2695 267 2759 sariam
283 2694 473 2758 reddebant:
491 2694 623 2758 eaedem
637 2694 669 2757 in
685 2694 755 2758 aliis
771 2712 899 2774 quoque
915 2694 1057 2758 ecclesiis
1072 2695 1185 2774 procul
1200 2695 1298 2761 dubio
1311 2716 1377 2762 ma-

146 2779 199 2860 gis
218 2780 362 2844 minusve
381 2779 486 2843 locum
501 2779 692 2843 hahuerunt.
737 2779 774 2841 ln
790 2779 896 2857 speeie
910 2797 986 2842 vero
1003 2797 1040 2842 en
1055 2779 1115 2843 hac
1131 2780 1267 2859 epistole
1282 2781 1377 2846 disci-

144 2883 235 2929 mus:

236 2952 264 3014 1.
293 2949 470 3014 deothart
492 2949 572 3012 inter
594 2949 784 3031 sapz‘eotiom
805 2947 898 3030 hujus
919 2946 1032 3010 standi
1048 2961 1075 3010 et
1095 2949 1282 3030 sapientiam
1299 2948 1376 3013 dcitz'.
1480 2992 1482 2997 .

143 3058 241 3115 nam3
265 3035 366 3100 omnis
387 3033 545 3115 sapientie
560 3052 580 3096 a
595 3034 664 3100 Deo
680 3050 793 3096 aversa
809 3038 841 3096 et
857 3033 887 3095 ei
902 3032 1038 3096 adversa
1053 3032 1192 3097 stultitia
1207 3039 1269 3112 est;
1293 3053 1376 3115 quae

143 3125 258 3185 eutem
281 3120 381 3184 stulta
401 3121 552 3184 videntur
574 3120 636 3183 Dei
659 3123 691 3181 et
712 3115 846 3196 infirma,
871 3117 1066 3198 sapientiora
1089 3123 1163 3182 sunt
1186 3124 1218 3183 ct
1240 3118 1375 3186 fortiora

143 3205 411 3354 homlgibliiimus
426 3302 455 3352 ct
467 3289 647 3352 relationem
664 3286 820 3350 doctorum
843 3287 1083 3350 cinomanorum
1105 3301 1170 3351 tum
1191 3287 1236 3352 ad
1252 3290 1376 3353 verbum

144 3375 359 3462 evangelicum
375 3388 403 3438 et
417 3373 462 3438 od
476 3373 647 3454 credontes,
668 3385 730 3435 tom
751 3373 797 3436 ad
809 3373 916 3436 Jaoam
934 3371 1105 3453 Christum,
1124 3362 1252 3436 illorum
1267 3374 1376 3438 Domi-

143 3483 223 3524 num
240 3475 268 3524 et
284 3460 330 3523 ad
344 3460 458 3531 Deum,
472 3461 607 3522 omntitm
625 3471 720 3542 capot
734 3483 771 3522 ac
783 3459 991 3542 principium.
1035 3459 1122 3540 „Hic
1138 3473 1238 3522 aotam
1254 3463 1376 3544 quaeri-

143 3558 208 3626 tur,
230 3559 265 3608 at
275 3545 386 3628 fidelis
409 3545 479 3629 qais
497 3544 705 3608 tavem'atorf‘
719 3578 761 3589 -
775 3543 865 3628 „Epo
882 3556 1031 3626 tanquam
1047 3545 1173 3628 sapione
1193 3547 1376 3610 architectos

134 3629 390 3714 fundamentum
409 3631 520 3715 posui,
545 3628 630 3692 otius
650 3628 951 3713 superaedificavit“
979 3665 1021 3674 —
1049 3629 1127 3710 „Sto
1148 3652 1204 3693 nos
1227 3632 1377 3696 existimet

143 3714 238 3777 tomo
253 3727 287 3777 at
300 3715 459 3778 ministros
477 3714 599 3778 Christi
611 3727 638 3777 ct
649 3714 881 3798 *dispensatores
895 3716 1110 3799 inpotentiorem
1125 3713 1220 3778 θεῖ]ί
1249 3715 1376 3801 „Neque

143 3801 208 3882 qui
222 3800 351 3916 plpntot
373 3812 416 3863 est
436 3799 577 3884 aliquid,
595 3823 701 3884 ¹neque
724 3801 782 3883 qui
800 3801 897 3884 ripat,
924 3798 982 3876 sed
1003 3801 1061 3884 qai
1080 3802 1299 3864 thorementum
1323 3801 1377 3865 dat

142 3885 260 3950 Deos!
1234 3930 1237 3936 ·

236 3973 265 4036 3.
297 3969 419 4035 Statum
440 3969 627 4056 cirpiaolem
653 3984 680 4033 et
703 3967 893 4053 cooyhpolem
904 3968 1004 4051 juata
1027 3981 1151 4033 mentem
1177 3968 1297 4032 Chasa·
1317 3973 1378 4034 rite

144 4057 349 4119 aestimatam
366 4060 398 4120 et
412 4060 505 4119 tanta
520 4055 669 4120 ubertate
684 4060 873 4132 tractatum,
897 4060 935 4117 ut
953 4054 985 4116 in
1001 4053 1086 4118 nullo
1102 4055 1164 4118 alio
1180 4053 1218 4118 N.
1235 4055 1269 4117 T.
1285 4055 1376 4120 lihro.

79 4175 85 4190 ι
142 4143 240 4205 Inter
259 4147 433 4221 praecepta
455 4140 538 4205 enim
555 4139 674 4204 Christi
697 4144 729 4204 et
750 4139 881 4203 consilia
902 4139 943 4203 de
958 4138 1040 4202 bono
1056 4139 1187 4204 meliore
1201 4139 1376 4220 Apostolus

143 4232 302 4292 accurate
317 4225 494 4306 distinguit,
510 4225 637 4289 diversa
652 4225 802 4306 adjuncta
817 4223 917 4303 probe
933 4223 1093 4302 discernit,
1111 4229 1143 4288 et
1154 4225 1232 4304 quid
1244 4224 1376 4306 singulis

144 4311 327 4390 conveniat,
343 4311 423 4375 mira
438 4310 596 4391 sapientia
611 4311 747 4392 exponit.

235 4396 265 4459 4.
298 4394 519 4481 Oryam’smom
535 4394 682 4458 ecclesiae
697 4395 845 4458 divinitus
857 4393 941 4457 etita
954 4392 1146 4477 dispositam,
1163 4406 1206 4475 ot,
1222 4394 1267 4457 od
1275 4395 1377 4458 chester

145 4482 291 4566 corporis
313 4481 447 4544 humani
464 4479 630 4542 multorum
651 4479 866 4552 membrorum,
888 4502 903 4541 e
924 4477 1121 4542 multitudine
1134 4477 1283 4561 fideliam
1306 4503 1375 4543 corr-

143 4579 292 4629 stroator
308 4577 336 4628 et
350 4589 369 4627 a
381 4565 505 4651 Spiritu
519 4589 543 4629 s.
559 4567 720 4628 animetur.
752 4564 1028 4641 Quemadmodum
1040 4565 1107 4646 jam
1121 4564 1154 4629 in
1169 4583 1302 4645 corpore
1317 4566 1376 4630 hu-
