3428 5180
812 278 1097 344 —318-

427 454 581 516 Attamen
595 449 731 531 epistola
745 449 823 515 haec
838 449 975 530 genuina
991 454 1024 514 et
1039 449 1189 514 canonica
1204 453 1269 526 est;
1284 467 1359 512 narn
1369 452 1455 512 teste
1465 446 1564 512 Ense

342 537 395 604 bio
421 536 562 601 olomeo
582 535 676 599 Alco.
700 553 771 600 earu
797 553 869 600 cum
895 534 1027 616 rehquis
1053 533 1217 599 catholicis
1242 534 1476 614 interpretatus
1501 538 1564 612 est;

344 621 494 707 Orspenes
511 639 581 686 eam
595 620 706 686 addite
721 620 812 685 Petri
825 619 951 684 nomine
966 620 1095 700 saepius
1111 619 1224 697 citat31
1247 618 1467 700 Fr'rmo‘lzboos,
1484 618 1564 698 epis-

344 725 443 788 copus
459 705 697 787 Cappadociae,
724 704 864 786 Originis
880 704 1056 785 discipulus
1072 709 1104 769 et
1126 704 1263 783 amicus,
1290 703 1425 769 eandem
1445 702 1565 784 absque

342 791 409 857 ulla
422 791 634 856 haesitatione
654 790 800 870 agnovit;
827 787 1033 874 impleamus,
1059 790 1184 854 irenaei
1202 789 1378 870 discipulus
1400 793 1433 853 et
1453 787 1564 850 Motho

343 877 416 940 dabo
429 877 533 958 ipsam
548 875 743 956 recipiunt,²
766 881 799 940 et
813 874 980 940 concilium
997 873 1192 938 Laodiceosc
1207 893 1274 939 can.
1290 874 1356 953 60.,
1379 879 1413 937 ut
1434 872 1564 938 concilia

345 960 606 1046 Corstopiaeroio
622 960 789 1040 scripturis
805 960 962 1025 canonicis
977 960 1203 1038 adnumerans
1222 965 1308 1025 teste
1320 958 1502 1040 fragmento
1517 976 1564 1039 ap.

342 1046 568 1124 Muratorium,
592 1046 878 1126 quomodocunque
892 1045 990 1109 verba
1005 1044 1161 1111 obscura³
1174 1043 1407 1126 intelligantur,
1422 1045 1456 1106 in
1473 1045 1539 1106 ecel
1554 1075 1564 1086 ·

341 1133 394 1194 sia
408 1132 556 1194 Romano
571 1130 708 1211 epistola
723 1131 802 1196 haec
817 1137 874 1194 aut
895 1129 1005 1212 agnita
1024 1137 1095 1195 erat
1116 1137 1174 1194 aut
1192 1130 1307 1195 saltem
1329 1128 1476 1210 cognita;
1502 1128 1565 1276 sl'pm

342 1215 497 1278 Eosebobs
512 1235 583 1280 eam
597 1215 706 1280 multis
721 1215 833 1281 utilem
846 1215 949 1280 visam
963 1233 1035 1280 cum
1050 1215 1122 1280 aliis
1137 1215 1305 1296 scripturis
1319 1214 1491 1294 diligenter
1519 1231 1566 1278 ec-

341 1307 410 1366 tam
425 1319 496 1366 esse
512 1301 640 1365 edicit.⁴
675 1300 754 1382 Ejus
769 1306 920 1380 receptae
935 1307 1036 1364 testes
1055 1305 1225 1381 praeterea
1244 1307 1335 1364 sunt:
1365 1298 1565 1380 Autonoeius,

345 1384 485 1472 Gyrtllus
499 1385 634 1464 Hieros,
655 1383 784 1470 Gregor.
801 1385 889 1466 Noa,
908 1384 1104 1469 Ephracmua
1119 1384 1204 1469 Sys,
1221 1383 1383 1463 Basilius,
1398 1383 1566 1467 Epaphum,

343 1470 546 1550 Philomelus,
561 1468 755 1554 Hier-onyca,
771 1469 920 1552 Ruffiuua,
937 1471 1137 1554 Aequatr'nus.

430 1553 697 1620 Testimoniorum
711 1555 927 1636 antiquiorum
943 1555 1087 1621 defectus
1101 1555 1176 1620 inde
1191 1554 1383 1636 explicatur,
1399 1553 1488 1633 quod
1505 1552 1567 1633 epi·

345 1639 429 1705 stola
443 1639 503 1704 sub
518 1637 613 1704 finem
627 1639 714 1705 vitae
725 1640 814 1705 Petri
829 1641 959 1722 scripta,
975 1647 1008 1706 et
1021 1640 1233 1722 probabiliter
1247 1645 1323 1720 post
1332 1638 1429 1719 hujus
1440 1638 1567 1702 demum

343 1729 479 1790 mertem
493 1724 525 1788 in
540 1724 651 1789 Asiam
666 1725 819 1790 minorem
834 1725 942 1790 delata
956 1727 996 1793 eb
1012 1731 1236 1808 argumentum
1250 1724 1388 1806 speciale
1403 1742 1468 1787 nen
1489 1723 1567 1788 adeo

344 1810 492 1877 celeriter
506 1813 557 1875 est
570 1817 758 1892 progagata.
804 1809 884 1874 Cum
899 1812 973 1876 dein
994 1811 1097 1876 serius
1118 1811 1149 1874 in
1170 1811 1242 1875 aliis
1264 1809 1361 1874 etiam
1384 1806 1567 1889 regionibus

343 1896 571 1974 innotesceret,
592 1895 799 1960 eeclesiarum
820 1896 982 1961 antistites
1004 1915 1075 1961 eam
1091 1895 1211 1960 Canoni
1234 1913 1292 1960 sue
1306 1895 1450 1960 inserere
1464 1892 1567 1956 haesi-

344 1987 472 2059 tarunt,
488 1984 602 2060 utpote
616 1980 657 2045 ab
673 1980 908 2061 antiquioribus
923 2001 985 2046 non
1001 1987 1289 2046 commemoratam.
1325 1977 1473 2043 Accessit
1489 1976 1568 2042 ditl'r·

344 2065 448 2130 cultas
464 2065 591 2146 critica,
614 2084 698 2146 quae
712 2071 797 2131 teste
811 2088 835 2129 a.
850 2066 1043 2150 Hieronymo
1066 2085 1084 2131 e
1105 2065 1180 2146 styli
1195 2064 1383 2130 diversitate
1398 2061 1568 2128 enasceba·

344 2154 427 2215 tur.⁶
469 2150 623 2216 Attamen
651 2151 731 2216 haec
758 2151 833 2216 inde
863 2149 1053 2231 explicatur,
1086 2151 1173 2231 quod
1201 2150 1318 2215 Petrus
1347 2157 1404 2213 aut
1433 2148 1569 2229 primam

345 2235 514 2316 epistolam
529 2241 587 2299 aut
601 2237 774 2300 secundam
788 2239 845 2301 aut
859 2244 1030 2317 utramque
1044 2255 1107 2300 nen
1121 2236 1191 2316 ipse
1206 2234 1350 2316 scripsit,
1367 2234 1425 2298 sed
1439 2252 1501 2314 per
1514 2231 1569 2296 ali·

346 2338 442 2400 quem
457 2319 609 2384 comitum
623 2321 825 2385 scribendam
840 2321 980 2401 curavit,
1000 2339 1028 2385 u.
1044 2341 1074 2404 g.
1089 2340 1149 2402 per
1163 2321 1343 2399 Silvanum,
1362 2319 1419 2400 qui
1433 2319 1569 2399 primam

345 2405 388 2470 ad
402 2403 540 2469 lectores
554 2405 651 2470 etiam
666 2406 814 2470 detulit.⁶
835 2406 982 2486 Denique
993 2406 1022 2486 3,
1034 2406 1064 2470 2.
1079 2412 1193 2471 auctor
1207 2410 1310 2470 semet
1323 2424 1386 2469 nen
1401 2402 1569 2484 distinguit

234 2541 237 2548 .
345 2490 387 2555 ab
407 2489 587 2590 Apostolis,
617 2491 675 2556 sed
699 2492 750 2555 his
772 2492 881 2573 potius
904 2509 976 2557 sese
1001 2492 1204 2570 adnumerat;
1233 2509 1308 2555 nam
1331 2491 1365 2553 in
1394 2489 1569 2554 sententia:

678 2579 692 2592 h

345 2580 530 2662 μνησθοναι
544 2611 587 2618 -
600 2602 675 2640 -τ
696 2601 713 2654 ς
726 2579 793 2641 τῶν
808 2572 1001 2643 ἀποστόλων
1022 2574 1106 2660 (μῶν
1121 2577 1249 2664 ἐντολῆς
1269 2579 1326 2643 τοῦ
1350 2598 1417 2659 κυρ.
1432 2576 1460 2639 λ.
1484 2573 1570 2656 geni-

346 2659 432 2723 tivus
446 2660 524 2724 .τῶν
548 2601 741 2726 ἀποστόλων
766 2661 925 2742 appositio
951 2602 1034 2742 quir?

1032 2680 1081 2726 em
1107 2662 1149 2726 ad
1173 2679 1349 2742 prenomen
1377 2656 1472 2745 ἡμῶν
1502 2675 1571 2724 esse

346 2747 470 2826 posset;
497 2750 549 2808 ast
574 2762 646 2809 curn
666 2746 953 2826 praestantissimis
975 2746 1113 2812 testibus
1135 2746 1247 2827 (etiarn
1269 2746 1337 2811 ced.
1357 2744 1487 2827 Sinait.)
1510 2763 1569 2809 nen

346 2825 445 2918 ἡμῶν,
462 2830 520 2894 sed
534 2827 627 2914 ὑμῶν
641 2830 811 2912 legendum
827 2837 885 2896 est.

431 2915 702 2996 Argumentorum
717 2922 919 2981 externorum
933 2916 1059 2996 pondus
1074 2915 1251 2980 rationibus
1264 2915 1398 2979 internis
1417 2919 1571 2995 augetur;

345 3017 420 3064 nam
435 3005 548 3064 auctor
562 3000 672 3064 statim
685 3000 719 3064 in
732 3000 940 3081 inscriptione
951 3020 1022 3066 sese
1032 3001 1111 3065 dicit
1121 2998 1278 3064 statorem
1290 3000 1427 3077 Ponam,
1443 3017 1571 3064 servum

347 3090 380 3149 et
401 3083 593 3165 Apostolum
614 3085 694 3150 Jesu
717 3083 851 3163 Christi3
880 3087 915 3165 1,
939 3086 987 3150 14.
1011 3090 1113 3150 semet
1133 3086 1219 3150 sistit
1239 3104 1324 3164 euru,
1352 3085 1403 3149 cui
1425 3083 1572 3148 Christus

345 3169 459 3233 mertis
482 3187 583 3250 genus
604 3169 638 3234 iu
659 3170 766 3250 specie
789 3168 1015 3252 significasset,
1042 3171 1129 3252 qued
1149 3170 1217 3235 coll.
1233 3170 1283 3236 Je.
1299 3172 1358 3249 21,
1382 3169 1432 3232 19.
1448 3168 1572 3234 nonnisi

346 3253 444 3319 Petro
465 3254 612 3335 contigit;
635 3255 667 3334 1,
685 3256 829 3320 16-18.
845 3274 917 3320 sese
931 3262 1154 3336 repraesentat
1168 3275 1266 3320 unum
1282 3274 1299 3320 e
1314 3253 1453 3319 testibus
1469 3260 1572 3318 trans-

345 3338 547 3421 figurationis
562 3339 583 3403 J
585 3357 643 3404 esu
657 3339 690 3402 in
704 3346 820 3420 monte,
837 3340 949 3421 quales
963 3360 1026 3406 non
1041 3347 1141 3421 erant,
1157 3341 1218 3405 nisi
1228 3340 1366 3424 Petrus,
1382 3340 1402 3404 J
1405 3340 1525 3404 acobus
1540 3345 1573 3402 et

348 3424 368 3488 J
371 3443 502 3504 oannes3
528 3426 565 3504 3,
585 3427 610 3488 l.
626 3425 707 3489 hanc
723 3425 891 3506 epistolam
906 3425 984 3490 dicit
999 3427 1171 3492 secundam
1186 3444 1206 3488 a
1221 3444 1256 3490 se
1271 3425 1440 3505 scriptam,
1467 3425 1514 3488 ita
1536 3427 1573 3487 ut

347 3509 484 3589 primam
499 3509 589 3573 Petri
604 3509 665 3574 sibi
680 3510 834 3590 vindicet,
858 3515 890 3575 et
905 3512 934 3589 3,
951 3511 1000 3574 16.
1045 3510 1181 3575 Paulum
1196 3509 1418 3576 charissimum
1439 3507 1572 3574 fratrem

347 3593 497 3675 appellat.
541 3595 664 3660 Auctor
688 3595 799 3676 itaque
824 3596 919 3676 hrp'us
941 3596 1096 3676 epistolae
1118 3596 1165 3660 ita
1185 3614 1220 3661 se
1241 3614 1356 3677 gerens
1378 3602 1436 3658 aut
1455 3595 1572 3660 Petrus

418 3799 427 3828 ¹
445 3794 542 3846 Hemil.
555 3794 601 3847 VI.
613 3795 641 3847 in
652 3793 771 3860 Josuam,
785 3794 875 3848 homil.
888 3794 934 3848 IV.
947 3796 975 3848 in
987 3795 1080 3860 Lerit,
1094 3801 1234 3849 comment.
1248 3795 1276 3848 in
1287 3811 1329 3863 ep.
1341 3793 1376 3848 ad
1388 3795 1465 3848 Rom.
1478 3795 1524 3848 IV.

416 3864 427 3894 ²
444 3861 547 3913 Firmil.
565 3863 594 3915 in
609 3877 669 3929 epp.
682 3862 809 3930 Cypriani
825 3878 866 3931 ep.
884 3864 938 3928 ass
961 3863 1098 3932 Hippolyt.
1117 3863 1145 3916 in
1162 3879 1203 3931 ep.
1217 3863 1486 3936 περὶᾌνιιχρίστου
1498 3879 1521 3916 c.
1533 3863 1572 3928 2.;

348 3927 467 3981 Methed.
480 3929 552 3996 apud
563 3929 696 3996 Epiphan.
710 3930 814 3984 haeres.
825 3931 922 3986 LXIV.
935 3933 976 3985 31.

417 3999 428 4031 ⁸
484 4003 512 4049 et
523 3996 595 4049 Petri
607 4003 711 4049 tantum
723 3998 874 4066 recipimus,
887 4013 966 4066 quam
978 3997 1086 4066 quidam
1098 4013 1132 4051 ex
1143 3999 1241 4051 nestris
1253 3998 1281 4050 in
1293 3997 1357 4052 eccl.
1369 3997 1423 4066 legi
1435 3998 1536 4051 nolunt.

415 4071 426 4098 ⁴
444 4063 514 4117 Hist.
527 4079 581 4117 ecc.
594 4065 641 4117 III.
654 4067 678 4119 3.
691 4095 725 4102 -
734 4096 768 4104 —
782 4069 832 4136 τὴν
845 4069 876 4121 δὲ
890 4072 1052 4138 φερομένην
1063 4066 1150 4120 αὐτοῦ
1162 4066 1256 4150 (Petri)
1269 4067 1402 4138 δευτέραν
1416 4066 1466 4121 οὐκ
1478 4064 1575 4120 ἐνδιά-

349 4141 438 4201 ληκον
453 4135 507 4202 μὲν
524 4133 593 4186 εἶναι
613 4132 837 4206 παρειλήφαμεν·
857 4133 934 4207 ὅμως
952 4136 983 4190 δὲ
1001 4137 1118 4196 πολλοῖς
1130 4152 1273 4206 χοησιμος
1290 4141 1410 4204 φανεῖσα
1428 4133 1577 4207 μετὰτῶν

346 4199 437 4256 ἄλλων
450 4200 634 4268 ἐσπουδάσθη
646 4221 698 4268 γοα
724 4205 771 4255 ὠν.
819 4215 823 4222 “
874 4227 877 4239 ·
1570 4237 1575 4242 -

416 4271 427 4302 ⁶
444 4269 485 4321 De
496 4268 545 4321 vir.
557 4267 595 4320 ill.
609 4284 631 4320 o.
646 4269 682 4320 1.:
700 4222 802 4321 Aetnae
816 4269 923 4336 scripsit
934 4268 1002 4322 duas
1012 4269 1146 4336 'epistolas
1195 4284 1308 4337 quarum
1320 4266 1438 4322 secunda
1449 4284 1466 4322 a
1478 4268 1577 4337 pleris-

348 4350 399 4402 ΨΘ
412 4336 728 4472 ljhlllilissllmdm
741 4337 1248 4473 lilrllfirlllrlllltllllllnllll
1266 4403 1477 4458 remenses
1505 4403 1578 4474 ayo

348 4470 419 4524 inter
431 4486 460 4524 se
472 4478 500 4524 et
511 4473 667 4525 charactere
679 4471 833 4538 discrepant
844 4475 1031 4540 structuraque
1043 4473 1191 4527 verberum.
1212 4473 1317 4541 Exque
1328 4471 1515 4540 intelligimus,
1526 4488 1579 4542 pro

349 4539 509 4592 necessitate
520 4555 611 4593 rerum
623 4539 734 4593 diversis
747 4554 808 4592 eum
820 4556 898 4593 usum
910 4555 969 4594 esse
981 4541 1179 4608 interpretibus.
