3356 5176
169 637 224 712 pe
237 637 469 690 mutationibus
482 642 601 699 textus,
619 652 700 699 quac
712 640 756 690 11.
769 641 875 690 certae
887 639 1011 700 regioni
1023 640 1055 689 et
1067 637 1169 690 aetati
1181 639 1338 700 originem

208 725 212 734 “
697 724 824 774 debent

235 877 384 954 Quamvis
397 897 414 942 e
426 877 540 957 causis,
556 896 638 958 quae
649 877 682 943 in
693 878 957 958 praecedentibus
969 877 1150 944 nominatae
1159 884 1242 958 sunt,
1259 897 1368 944 omnes

140 963 273 1028 codices
289 964 425 1044 copiosis
439 963 628 1028 lectionibus
643 963 739 1029 variis
755 982 774 1028 a
789 983 824 1028 se
838 965 972 1029 invicem
986 964 1088 1046 magis
1103 964 1246 1028 minusve
1266 964 1367 1029 disce-

139 1050 240 1113 dant:
255 1049 424 1129 illitamen,
441 1040 658 1130 quiAegypt'o,
674 1049 846 1131 praecipue
852 1050 1064 1116 Alexandriae
1076 1050 1231 1138 originem
1240 1048 1367 1130 debent,

140 1135 200 1216 qui
224 1135 320 1200 etiam
340 1135 373 1198 in
393 1135 564 1200 Occidente
586 1135 618 1199 in
636 1154 699 1200 usu
719 1141 827 1215 erant,
851 1141 883 1200 et
903 1136 1092 1216 quibuscum
1111 1135 1367 1200 Palaestineuses

139 1219 212 1285 iere
230 1221 434 1301 concordant,
456 1221 551 1286 certis
566 1220 843 1301 peculiaritatibus
858 1220 1009 1287 differunt
1023 1222 1064 1286 ab
1083 1221 1140 1301 iis,
1163 1221 1218 1301 qui
1237 1239 1275 1285 ex
1288 1220 1368 1285 Asia

140 1306 351 1386 occidentali,
372 1326 390 1370 e
406 1305 541 1370 Graecia
564 1310 596 1370 et
611 1325 649 1370 ex
662 1307 774 1372 insulis
789 1304 931 1371 finitimis
946 1308 1151 1372 descendunt.
1189 1306 1367 1371 Discrimen

139 1393 244 1456 hocce
254 1392 328 1456 inde
342 1411 361 1457 a
377 1391 507 1457 saecss.
523 1391 801 1470 animadvertitur;
816 1411 890 1456 nam
905 1393 1049 1458 codicum
1060 1393 1115 1458 alii
1126 1393 1228 1473 magis
1240 1411 1368 1457 concor·

140 1478 226 1542 dant
248 1496 319 1542 cunr
342 1477 470 1558 scriptis
495 1475 666 1542 Clementis
687 1478 907 1558 Alexandrini,
930 1479 1094 1561 Origenis,
1121 1497 1193 1544 cum
1214 1478 1320 1542 citatis
1343 1497 1367 1542 s.
1455 1509 1457 1512 ·

140 1563 281 1643 irenaei,
297 1581 368 1627 cum
384 1563 607 1644 manuscriptis
623 1564 772 1645 antiquae
787 1565 941 1629 versionis
955 1564 1074 1629 latinae
1090 1571 1123 1629 et
1138 1582 1209 1628 cum
1223 1563 1368 1628 versione

141 1648 321 1730 superioris
334 1648 475 1730 Aegypti
489 1648 681 1731 (Sabidica);
701 1649 756 1714 alii
776 1669 852 1714 vero
871 1647 1003 1731 propius
1018 1651 1174 1716 accedunt
1188 1649 1230 1712 ad
1249 1649 1369 1714 versio-

141 1754 219 1799 nem
231 1734 387 1798 Peschito.
409 1734 493 1800 Hinc
509 1740 596 1800 recte
612 1736 692 1799 duas
706 1734 842 1800 familias
857 1742 963 1800 textus
979 1736 1061 1800 sacri
1076 1740 1109 1800 et
1122 1735 1256 1816 proinde
1272 1735 1368 1800 etiam

144 1820 293 1886 codicum
314 1820 530 1902 distinguunt:
555 1821 651 1885 aliam
672 1821 1145 1900 Alexandrino-occidentalem,
1168 1819 1263 1884 aliam
1287 1819 1368 1885 Oon·

144 1905 654 1986 stantinopolitauoorientalem.
705 1907 785 1972 Sunt
804 1925 880 1971 vero
901 1907 997 1971 etiarn
1019 1906 1102 1971 sacri
1123 1911 1230 1970 textus
1257 1924 1367 1970 monu-

144 1997 269 2071 menta,
296 2010 379 2071 quae
392 1992 561 2074 utriusque
576 1998 682 2056 textus
696 1992 911 2073 proprietates
926 1992 1041 2056 mixtas
1059 1991 1254 2071 contineant,
1281 1991 1367 2072 quod

148 2078 183 2142 ob
200 2077 374 2142 arctiorem
389 2078 595 2143 ecclesiarum
609 2096 724 2142 nexum
737 2076 830 2142 facile
844 2075 914 2142 fieri
928 2077 1041 2158 potuit.

231 2162 323 2228 Aliae
340 2168 448 2229 textus
470 2163 663 2228 mutationes
684 2169 774 2228 ortae
793 2168 905 2228 sunte
931 2163 977 2228 sic
1002 2162 1096 2228 dictis
1120 2162 1366 2242 recensionibus,

146 2249 163 2313 i.
179 2268 207 2314 e.
225 2268 244 2313 e
258 2248 423 2314 conatibus
437 2255 561 2314 textum
575 2267 700 2314 sacrum
711 2249 804 2330 juxta
818 2254 923 2314 certas
937 2249 1065 2331 regulas
1081 2248 1277 2313 emendandi.

231 2335 399 2416 Ejusmodi
419 2335 635 2401 recensionem
654 2334 771 2400 factam
792 2353 862 2400 esse
883 2359 903 2397 a
921 2337 1064 2398 Laciaao
1086 2339 1118 2398 et
1138 2333 1178 2399 ab
1201 2333 1367 2418 Hesychia,

147 2440 164 2485 e
185 2420 379 2485 testimoniis
401 2421 561 2486 historicis
584 2426 717 2486 constat.
761 2421 920 2486 Lucianus
941 2425 1011 2485 erat
1032 2420 1202 2501 presbyter
1217 2419 1369 2485 ecclesiae

145 2507 377 2586 Antiochense,
408 2507 547 2572 scholae·
563 2507 762 2588 theologicae
789 2506 909 2572 ibidem
937 2505 1100 2585 fundator,
1129 2511 1260 2587 praeter
1289 2505 1368 2570 alias

146 2592 297 2658 scientias
321 2592 500 2674 linguarum
526 2593 704 2674 cognitione
730 2592 848 2672 clarae,
876 2597 908 2657 et
933 2591 1139 2658 Nicomediae
1164 2591 1197 2657 in
1219 2591 1369 2673 Bithynia

147 2679 232 2742 circa
247 2697 364 2742 annum
378 2679 450 2742 310.
465 2698 495 2759 p.
510 2677 564 2742 Oh.
580 2679 732 2758 martyrio
748 2683 918 2743 coronatus
931 2683 995 2756 est;
1010 2677 1188 2758 Hesychius
1201 2679 1369 2760 episcopus

145 2765 178 2828 iu
192 2765 351 2913 Aegffm’
368 2763 423 2844 qui
437 2764 470 2828 in
486 2763 738 2828 Christianorum
752 2764 973 2845 persecutione
984 2763 1184 2829 Diocletiana
1199 2782 1281 2829 anno
1296 2764 1369 2829 303.

146 2855 205 2915 aut
219 2850 262 2914 30
308 2849 497 2930 martyrium
511 2868 569 2929 pro
586 2848 712 2913 Ohristo
728 2849 835 2913 subiit.
869 2848 1014 2928 Uterque
1029 2849 1176 2930 Origenis
1192 2849 1369 2930 exemplum

146 2939 278 3000 secutus
294 2935 547 3000 emendationem
561 2934 715 2999 versionis
727 2934 814 3014 Sept.
830 2933 980 3014 suscepit,
996 2939 1029 2999 et
1042 2938 1127 2998 teste
1140 2952 1164 2998 s,
1175 2934 1369 3015 Hieronymo

146 3021 300 3102 Hesychii
328 3021 511 3085 recensione
530 3020 692 3084 ¹utebatur
716 3019 909 3084 Alexandria
938 3023 971 3082 et
991 3019 1174 3101 AegyptuS,
1209 3019 1264 3084 ills
1293 3037 1369 3084 vero

147 3106 280 3172 Luciani
296 3105 586 3186 Constantinopolis
601 3124 703 3187 usque
723 3105 765 3170 ad
778 3104 993 3185 Antiochiam,
1014 3105 1139 3171 mediae
1158 3112 1266 3186 autem
1286 3105 1370 3170 inter

147 3193 206 3257 has
221 3191 403 3273 provinciae
418 3191 564 3273 legerunt
579 3191 704 3256 codices
719 3192 759 3255 ab
776 3190 914 3272 Origene
929 3191 1139 3257 elaboratos.l

234 3278 263 3340 A
278 3276 424 3342 versione
439 3278 650 3359 Septuaginta
664 3277 724 3341 viri
738 3277 784 3341 illi
798 3277 994 3342 transierunt
1009 3279 1051 3342 ad
1066 3296 1146 3358 opus
1166 3277 1265 3341 multo
1288 3273 1370 3341 diffi-

151 3364 256 3444 cilius,
283 3363 325 3426 ad
348 3363 579 3429 emendandum
597 3363 635 3427 N.
656 3363 710 3441 Τ.;
742 3382 816 3427 nam
840 3381 864 3427 s.
879 3362 1098 3445 Hieronymus
1118 3363 1151 3427 in
1170 3361 1269 3444 praef.
1294 3361 1326 3425 in
1348 3361 1370 3424 4

151 3447 315 3531 evangelia
329 3448 391 3513 ait:
434 3449 506 3529 „De
520 3471 595 3512 novo
606 3471 689 3512 uano
704 3449 812 3532 loquor
827 3460 1002 3512 testamento
1019 3496 1026 3510 .
1044 3497 1051 3510 .
1068 3496 1075 3510 .
1092 3448 1307 3512 Praetermitto
1320 3469 1369 3510 eos

151 3535 289 3618 codices,
311 3556 387 3618 quos
407 3557 428 3594 a
441 3535 585 3598 Laccaao
607 3545 635 3597 et
648 3533 803 3617 Hesyctio
818 3546 1012 3619 aaacapatos
1021 3556 1198 3620 paucorum
1213 3532 1370 3596 horaimrm

151 3621 263 3684 asserit
271 3641 423 3703 peruersa
437 3621 586 3682 coateatc'o
594 3642 605 3700 ,·
626 3619 738 3702 quibas
752 3619 858 3701 atique
872 3641 928 3682 acc
941 3619 975 3681 c‘a
990 3631 1049 3682 toto
1064 3619 1160 3706 caari
1170 3619 1370 3682 instrumento
1479 3657 1483 3680 v

147 3717 220 3789 post
231 3704 429 3790 septaaqc'ata
442 3706 622 3788 interpretes
638 3703 801 3766 emendare
817 3703 897 3786 qaid
917 3703 1006 3767 licuit
1021 3728 1079 3768 nec
1096 3705 1131 3766 c'a
1149 3725 1226 3769 novo
1241 3703 1371 3790 profuit

152 3789 346 3869 emendasse,
373 3813 442 3852 canc
463 3789 631 3852 multarum
647 3791 786 3874 quatiam
809 3789 859 3874 tia,
876 3791 925 3852 uc's
946 3791 1105 3874 scriptura
1123 3802 1194 3854 aate
1216 3790 1370 3852 traralata

153 3875 263 3940 ἅοοοοί
273 3874 371 3959 falsa
390 3897 469 3956 esse,
490 3898 569 3959 qaae
584 3873 696 3938 addita
710 3874 810 3937 saut.“
846 3812 954 3939 qutiam
970 3875 1156 3940 Gelasiusl.
1173 3875 1370 3941 sententias.

151 3961 338 4043 Hieronymi
352 3965 458 4025 motus
472 3960 505 4024 in
519 3960 623 4026 indice
636 3959 791 4026 librorum
801 3960 1034 4042 prohibitorum
1047 3962 1141 4026 dicit:
1163 3960 1370 4045 „Evaapeb'a

153 4070 233 4132 qaae
242 4047 385 4131 falsavit
405 4048 578 4127 Luciacus,
600 4046 799 4132 apocrypha5
821 4045 997 4133 eucapelc'a,
1021 4070 1103 4132 qaae
1117 4047 1254 4123 falsavit
1272 4045 1370 4128 Hesy-

154 4133 251 4216 clu'as,
267 4129 481 4217 apocrypha.“

222 4307 230 4336 ¹
248 4301 402 4368 Hieronym.
418 4298 446 4350 in
461 4297 545 4365 praef.
562 4298 590 4351 in
607 4298 756 4367 Paralipp.:
780 4298 945 4352 Alexandria
961 4306 988 4353 et
999 4300 1137 4368 Aegyptus
1156 4298 1184 4351 in
1197 4297 1371 4366 Septuaginta

155 4371 208 4423 suis
219 4369 384 4438 Hesycbium
395 4366 488 4421 laudat
504 4373 650 4434 auctorem3
672 4367 912 4435 Constantinopolis
929 4383 1012 4436 usque
1029 4369 1063 4421 ad
1075 4367 1243 4420 Antiochiam
1259 4367 1371 4420 Luciani

154 4438 277 4508 martyris
299 4436 462 4504 exemplaria
482 4437 584 4503 probat.
620 4436 726 4490 Mediae
749 4437 819 4489 inter
840 4437 889 4489 has
910 4436 1061 4504 provinciae
1082 4435 1244 4504 palaestinos
1266 4435 1371 4490 codices
1436 4485 1439 4490 .

154 4506 255 4576 legunt,
274 4521 340 4575 quos
358 4505 392 4558 ab
404 4504 517 4572 Origene
529 4504 678 4560 elaboratos
689 4505 824 4558 Eusebius
840 4511 868 4558 et
879 4505 1034 4573 Pamphilus
1046 4505 1229 4574 vulgaverunt,
1247 4510 1370 4572 totusque

154 4577 223 4631 orbis
235 4576 287 4630 hac
298 4575 369 4629 inter
381 4588 410 4628 se
421 4572 526 4627 trifaria
536 4573 665 4628 varietate
677 4580 844 4643 compugnat.
869 4573 923 4628 Ofr.
935 4573 994 4628 adv.
1006 4572 1095 4628 Rufiu.
1107 4573 1142 4626 11.
1154 4573 1195 4627 26.
