3364 5156
587 314 872 384 *235-

538 686 832 800 1111111111
865 686 918 754 Π.

482 865 673 957 schiris
703 863 970 954 biblt'bch.

379 1055 429 1166 Α)
461 1055 688 1154 Epistolac
715 1055 839 1140 Pauli
869 1051 1079 1152 Apostoli.

672 1227 699 1308 y.
718 1227 788 1291 111.

322 1365 419 1416 Vitae
433 1369 466 1416 et
479 1364 673 1416 characteris
691 1351 713 1414 s.
727 1344 821 1414 Pauli
833 1363 942 1414 brevis
956 1361 1138 1414 delineatio.

209 1519 233 1580 l.
262 1518 404 1598 Paulus,
425 1532 517 1582 anteo
533 1517 650 1582 Saulus
666 1516 768 1580 dictus
783 1517 866 1597 (Act.
885 1519 940 1596 13,
956 1517 1003 1598 9),
1029 1515 1141 1595 Tarsi,
1164 1515 1196 1578 in
1214 1513 1343 1578 Ciliciae
1441 1483 1442 1488 ἵ

131 1603 304 1682 metropoli,
333 1603 473 1668 scientiis
492 1605 580 1668 haud
601 1604 705 1668 minus
721 1603 808 1667 clara
823 1621 919 1684 quam
933 1602 1078 1666 Athenae
1094 1606 1127 1665 et
1141 1599 1343 1677 Alexandria,

130 1691 215 1751 natus
230 1693 299 1754 erat
315 1690 503 1770 parentibus
515 1690 653 1771 judaicis
669 1695 703 1753 et
724 1688 835 1768 procul
855 1688 953 1752 dubio
969 1687 1215 1751 Pharisaeorum
1236 1689 1344 1750 sectae

130 1771 265 1853 addictis
277 1793 353 1838 nam
366 1779 398 1839 et
409 1775 478 1856 ipse
488 1776 681 1840 Pharisaeus
693 1779 770 1839 erat.
794 1775 835 1838 Vi
845 1773 1023 1839 nativitatis
1034 1769 1206 1836 honorifico
1219 1769 1344 1836 nomine

131 1860 159 1920 et
168 1858 237 1938 jure
253 1859 331 1924 civis
346 1861 481 1926 Romani
495 1861 658 1942 gaudebat
673 1859 757 1939 (Act.
774 1861 823 1938 22,
840 1859 914 1939 211).

207 1945 234 2007 2.
263 1945 400 2010 Praeter
415 1947 594 2010 rudimenta
610 1945 797 2010 eruditionis
808 1945 957 2025 judaicae
968 1945 1036 2025 jam
1051 1942 1152 2022 domi,
1174 1959 1273 2022 quum
1287 1940 1344 2004 ad-

129 2026 184 2092 huc
196 2048 276 2110 puer
290 2036 391 2110 esset,
407 2037 509 2097 artem
525 2030 786 2096 scenofactoriam
801 2030 927 2110 didicit,
948 2047 1012 2110 qua
1027 2029 1144 2106 serius,
1168 2027 1244 2090 dum
1258 2027 1345 2105 Apo-

130 2114 196 2178 stoli
223 2135 355 2182 munere
376 2115 579 2198 fungeretur,
611 2117 697 2182 vitae
716 2115 898 2181 necessaria
918 2115 979 2180 sibi
1000 2132 1116 2195 parare
1143 2112 1278 2191 solebat,
1305 2130 1345 2176 ne

131 2197 311 2266 Christianis
331 2202 450 2270 victum
473 2204 626 2283 petendo,
653 2202 740 2282 quod
760 2202 834 2282 jure
859 2201 964 2266 facere
989 2199 1165 2280 potuisset,
1191 2197 1345 2262 molestus

129 2280 227 2366 fieret,
243 2294 300 2354 aut
315 2288 509 2352 adversariis
524 2287 737 2356 calumniandi
750 2287 923 2368 praeberet
937 2286 1133 2351 occasionem
1149 2284 1233 2364 (Act.
1251 2284 1300 2364 18,
1316 2282 1345 2347 3.

128 2369 149 2432 Ι.
164 2370 268 2437 Thess.
284 2373 315 2452 2,
332 2374 361 2437 9.
377 2374 401 2437 Ι.
418 2373 489 2438 Cor.
505 2375 534 2453 9,
553 2373 624 2454 12).
875 2419 877 2422 -

206 2457 233 2521 3.
263 2459 398 2522 Juvenis
412 2459 666 2540 Hierosolymam
681 2459 781 2537 venit,
798 2458 852 2522 ubi
869 2477 907 2522 ex
923 2476 978 2522 ore
994 2455 1187 2535 Gamalielis,
1205 2454 1344 2520 celeber-

110 2540 193 2604 rimi
206 2543 259 2608 illo
275 2551 421 2625 tempore
437 2545 593 2624 doctoris,
615 2544 695 2625 legis
711 2549 744 2608 et
763 2543 944 2608 traditionis
963 2543 1112 2624 judaicae
1134 2541 1346 2623 cognitionem

128 2625 293 2705 plurimum
309 2630 418 2694 hausit
434 2629 517 2709 (Act.
534 2632 584 2711 22,
601 2630 655 2710 3.).
678 2629 802 2694 Placita
816 2629 998 2710 pharisaica
1012 2632 1102 2692 tanto
1117 2627 1282 2708 amplexus
1298 2631 1347 2690 est

126 2708 257 2795 fervore,
282 2719 321 2778 ut
342 2715 496 2780 ecclesiae
516 2716 708 2780 christianae
724 2734 761 2780 eo
777 2719 922 2796 tempore
938 2712 1165 2780 efflorescentis
1180 2713 1348 2777 vehemen-

126 2795 263 2864 tissimus
282 2798 375 2864 fieret
389 2801 593 2866 adversarius
609 2806 643 2864 et
656 2803 844 2882 persecutor
859 2799 942 2880 (Act.
960 2799 988 2878 7,
1003 2796 1078 2882 oa).

40 2949 44 2956 ,
129 2927 131 2934 ι
202 2885 231 2949 4.
261 2885 371 2960 Quum
387 2886 503 2952 Saulus
523 2887 676 2970 „spirans
696 2888 853 2948 1111111111
876 2898 903 2948 et
925 2884 1030 2946 caedis
1046 2885 1079 2946 ia
1095 2882 1267 2965 debcipulos
1281 2882 1346 2943 Do-

125 2967 223 3030 11111”“
238 2970 388 3036 Judaeae
402 2971 520 3036 limites
532 2972 693 3054 judicaret
704 2971 792 3052 justo
813 2970 1031 3052 angustiores,
1054 2968 1166 3049 petitis
1192 2966 1346 3030 obtentis-

125 3069 183 3130 que
205 3056 441 3122 aJudaeorum
462 3055 612 3137 pontifice
632 3056 734 3120 literis
757 3055 1023 3120 commendatitiis
1040 3050 1347 3130 0111111111οῇ-

126 3137 195 3202 cisci
216 3141 376 3220 decrevit,
398 3147 435 3206 ut
454 3143 611 3223 quosdam
627 3141 825 3206 Christianos
844 3141 889 3204 ibi
903 3141 1048 3205 inventos
1064 3137 1348 3220 comprehenderet

125 3227 156 3286 et
169 3227 348 3304 puniendos
364 3227 618 3308 Hierosolymam
633 3228 773 3292 duceret.
811 3227 848 3292 In
863 3227 933 3307 ipso
949 3231 1057 3290 autem
1071 3226 1132 3290 hoc
1152 3225 1268 3288 itinere
1282 3223 1348 3288 Da·

124 3325 226 3376 masoo
245 3314 314 3395 jam
336 3314 597 3394 appropinquans
620 3313 751 3378 coelesti
769 3313 987 3392 phaenomeno
1007 3312 1087 3376 adeo
1102 3311 1269 3391 perculsus
1285 3313 1344 3389 est,

124 3397 158 3456 ut
172 3397 327 3464 ecclesiae
341 3417 399 3478 per
414 3398 609 3478 baptismum
624 3399 802 3464 associatus
817 3418 885 3464 rem
901 3397 1105 3462 christianam
1128 3397 1212 3460 omni
1233 3395 1348 3459 virium

124 3486 240 3641 (cpnatp)
252 3502 442 3564 promovere
457 3485 630 3563 niteretur,
657 3485 754 3565 idque
769 3503 871 3564 usque
886 3484 928 3548 ad
943 3482 1090 3547 ultimum
1105 3482 1191 3546 vitae
1212 3481 1348 3546 hahtum

165 3571 204 3629 ct.
243 3620 250 3646 ,
270 3570 297 3630 1.
314 3569 426 3649 seqq.).

204 3653 234 3716 5.
268 3652 348 3719 Cum
363 3654 437 3720 dein
452 3672 511 3734 per
525 3655 695 3720 triennium
718 3653 837 3734 partim
859 3654 891 3717 in
906 3653 1043 3731 Arabia,
1065 3652 1183 3732 partim
1199 3652 1348 3732 Damasci

124 3744 336 3805 commoratus
362 3744 450 3804 esset
475 3744 507 3804 et
534 3739 694 3804 Christum
722 3739 881 3818 intrepide
910 3738 1125 3819 praedicando
1152 3738 1350 3802 ludaeorum

125 3821 232 3885 odium
247 3823 281 3887 in
296 3843 332 3888 se
348 3825 554 3892 concitasset:
571 3825 651 3890 urbe
666 3824 779 3888 relicta
794 3824 1048 3906 Hierosolymam
1063 3824 1159 3902 venit,
1175 3830 1211 3889 ut
1226 3824 1350 3889 videret

125 3903 258 3975 Petrum
274 3908 358 3988 (Gal.
374 3911 401 3988 1,
417 3910 489 3990 rs).
514 3910 596 3986 Quia
611 3929 686 3974 vero
703 3911 800 3974 etiarn
814 3909 866 3974 hic
880 3910 997 3975 Judaei
1012 3928 1122 3994 necem
1138 3909 1168 3974 ei
1182 3909 1349 3990 parabant,

122 3992 246 4058 nonnisi
265 3994 302 4057 15
318 3994 387 4062 dies
402 3995 491 4059 Petri
506 3995 664 4061 consortio
680 3995 743 4059 frui
757 3995 877 4075 potuit,
898 3999 931 4059 et
953 3995 1119 4061 discedere
1143 4001 1271 4060 coactus
1292 4014 1350 4075 per

123 4075 314 4142 Caesaream
327 4079 463 4144 Tarsum
476 4080 605 4145 Ciliciae
620 4081 708 4160 abiit,
724 4080 780 4144 ubi
794 4099 852 4160 per
865 4080 990 4161 longius
1006 4086 1133 4162 tempus
1149 4085 1198 4146 est
1214 4100 1350 4146 commo·

123 4166 214 4227 ratus
232 4163 316 4244 (Act.
333 4165 362 4244 9,
379 4165 429 4229 23.
446 4165 514 4230 Cal.
531 4165 550 4229 l.
567 4167 617 4246 c).

206 4249 237 4312 6.
268 4249 348 4314 0111
373 4251 501 4315 interim
526 4251 715 4316 Antiochiae
743 4249 997 4315 Christianorum
1023 4251 1158 4316 ecclesia
1183 4251 1350 4316 Barnabas

122 4331 260 4397 Tarsum
281 4334 444 4415 proiectus
468 4335 599 4400 Saulum
618 4335 757 4400 inillam
780 4336 941 4400 civitatem
957 4337 1104 4415 deduxit,
1132 4341 1164 4400 et
1179 4355 1277 4417 quum
1292 4357 1351 4418 per

120 4417 282 4500 integrum
297 4440 414 4484 annum
430 4421 474 4485 ibi
489 4422 681 4502 docuissent,
697 4422 737 4486 ab
754 4421 888 4487 ecclesia
899 4422 1106 4486 Antiochensi
1121 4420 1262 4503 ablegati
1276 4429 1349 4486 sunt
1404 4451 1406 4454 ·
1429 4475 1431 4478 .

121 4502 377 4587 Hierosolymam
397 4525 468 4571 cum
492 4506 643 4571 subsidiis
664 4507 804 4572 collectis
826 4507 858 4570 in
876 4507 1026 4588 juvamen
1041 4506 1176 4570 fratrum
1192 4506 1349 4572 Judaeam

121 4587 337 4671 incolentium,
354 4592 472 4671 quibus
487 4591 587 4656 fames
601 4591 787 4658 imminebat
803 4591 886 4673 (Act.
904 4593 953 4672 11,
971 4593 1019 4655 19.
1036 4593 1149 4673 seqq.).
