3314 5166
814 293 1075 356 -90.,.

330 460 395 525 nali
414 461 552 542 Pragam
567 462 693 526 delatus
710 468 767 526 est.
805 462 1008 543 Micropraga
1023 480 1104 526 anno
1122 461 1214 525 1648.
1237 478 1256 524 a
1275 461 1386 526 Suecis
1401 463 1542 558 occupati

332 564 404 611 cum
418 544 489 610 aliis
505 546 601 610 rebus
616 547 767 628 pretiosis
788 547 899 612 incidit
917 547 950 611 in
969 565 1081 612 manus
1096 545 1369 626 Koenigsmarkii,
1392 546 1446 627 qui
1465 545 1543 610 rllnn

331 631 583 696 Stockholmium
594 632 689 712 misit,
705 632 760 697 ubi
774 632 807 698 in
821 632 1015 698 bibliotheca
1029 631 1119 713 regia
1133 631 1304 712 repositus,
1320 631 1423 696 serius
1433 633 1544 696 veroin

330 715 476 798 Belgiam
492 716 618 781 delatus
634 723 692 797 est,
707 717 763 782 ubi
778 737 850 782 eum
863 717 1129 800 Magnus-Comes
1141 716 1273 780 Gabriel
1284 717 1324 780 de
1338 716 1370 780 la
1382 715 1497 782 Gardic
1510 717 1543 781 ab

330 801 442 866 Isaaco
458 801 556 881 Voss,
580 803 635 882 qui
651 821 723 867 eum
738 821 758 866 a
774 803 934 867 Christina
948 803 1039 885 regia
1053 801 1262 883 probabiliter
1282 802 1364 866 dono
1379 807 1545 882 acceperat,

331 886 573 968 quadringentis
587 887 807 969 imperialibus
822 888 907 966 emit,
924 893 957 953 et
967 887 1178 952 Universitati
1190 886 1362 968 Upsalensi
1377 887 1546 952 custodien·
1635 953 1636 964 ,

330 972 407 1035 dum
422 971 608 1053 transmisit,
623 973 679 1037 ubi
693 979 909 1038 asservatur.¹

415 1056 444 1120 2.
467 1058 507 1120 Ia
522 1057 705 1121 bibliotheca
718 1057 986 1142 Guelpherbz'taaa
1001 1057 1034 1122 in
1047 1057 1156 1122 codice
1170 1057 1336 1137 rescriptO,
1352 1057 1408 1138 qui
1419 1056 1547 1137 origines

329 1142 444 1208 Isidori
460 1142 661 1224 Hispalensis
678 1143 818 1209 continet
833 1150 866 1208 et
881 1161 962 1208 saec.
979 1142 1106 1208 circiter
1120 1141 1173 1205 IX.
1190 1141 1330 1222 scriptus
1345 1146 1410 1221 est,
1430 1142 1548 1206 inventa

331 1233 406 1292 sunt
419 1225 598 1309 fragmenta
613 1229 750 1311 gothica,
767 1229 944 1310 etquidem
959 1226 1114 1309 epistolae
1128 1227 1170 1291 ad
1186 1227 1382 1291 Romanos²

414 1314 443 1376 3.
467 1313 607 1410 Angelos
619 1315 696 1398 illap
711 1332 792 1378 anno
806 1315 898 1378 1817.
913 1314 946 1377 in
957 1312 1151 1378 bibliotheca
1160 1312 1373 1376 Ambrosiana
1384 1311 1548 1376 Mediolani

330 1397 390 1462 sub
412 1397 551 1462 homihrs
574 1397 721 1480 Gregorii
736 1400 778 1463 M.
801 1399 834 1463 in
855 1398 1056 1464 Ezechielem
1078 1416 1160 1463 saec.
1176 1397 1263 1461 Vlll.
1287 1397 1417 1478 scriptis
1439 1397 1548 1461 invenit

328 1482 481 1547 latentem
510 1489 633 1548 textum
661 1483 823 1565 gothicum
849 1504 873 1549 s.
901 1484 994 1549 Pauli
1023 1483 1246 1565 epistolarum,
1279 1486 1414 1563 excepta
1440 1501 1498 1579 ep..
1512 1481 1547 1546 ad

329 1567 504 1632 Hebraeos.
552 1568 589 1632 ln
612 1569 675 1634 alio
701 1570 917 1652 manuscripto
945 1568 1244 1635 commentariorum
1267 1585 1290 1632 s.
1315 1567 1548 1648 Hieronymrin
1637 1621 1638 1638 ,

330 1652 448 1717 Isaiam
471 1672 489 1718 e
511 1672 592 1719 saec.
614 1655 668 1718 IX.
692 1655 813 1720 detexit
837 1655 1045 1736 epistolarum
1068 1653 1189 1717 Paulin.
1212 1651 1392 1734 fragmenta
1417 1653 1548 1733 exceptis
1637 1655 1638 1680 ³

328 1735 391 1802 illis
406 1738 449 1801 ad
464 1739 553 1803 Rom.
570 1747 603 1804 et
625 1740 668 1804 ad
681 1739 796 1820 Hebr.;
819 1742 950 1806 tandem
971 1739 1092 1804 invenit
1112 1739 1177 1802 duo
1199 1736 1379 1819 fragmenta
1402 1737 1549 1819 evangelii

329 1823 494 1888 Matthaei.
504 1860 547 1868 —
557 1825 696 1889 Aetuum
706 1826 799 1907 App,
815 1825 1024 1908 epistolarum
1039 1823 1267 1889 cathohcarum
1279 1828 1312 1888 et
1327 1823 1548 1904 apocalypseos

328 1908 390 1973 huc
406 1927 508 1990 usque
523 1909 601 1974 nihil
615 1911 785 1975 innotuit³

890 2131 917 2212 ἓ.
942 2133 992 2196 66.

788 2267 815 2317 9.
834 2268 945 2317 Veraio
959 2267 1097 2317 slavica.

413 2417 654 2499 Archiepiscopi
678 2420 916 2485 Laureacenses
945 2438 1027 2484 saec.
1054 2419 1108 2482 IX.
1134 2417 1319 2500 religionem
1350 2416 1549 2481 christianam

327 2501 412 2567 felici
434 2521 584 2568 successu
604 2505 832 2585 praedicarunt
845 2506 877 2568 in
893 2505 1052 2583 Moravia,
1078 2509 1110 2568 et
1131 2504 1201 2584 ipse
1224 2503 1288 2566 dux
1304 2503 1467 2588 Mooymir
1488 2521 1550 2568 eam

328 2589 479 2669 suscepit.
532 2589 636 2665 Quum
663 2597 771 2654 autem
796 2591 881 2655 inter
901 2589 1119 2668 Bacchicam,
1147 2588 1233 2654 illins
1259 2605 1495 2667 successorem,
1524 2595 1551 2651 et

328 2673 538 2753 Lodovt'eom,
562 2673 752 2740 Germaniae
774 2695 898 2757 regem,
925 2675 1105 2740 discordiae
1127 2678 1235 2739 essent
1257 2678 1386 2737 enatae:
1415 2672 1551 2754 germani
1640 2693 1641 2702 ¹

330 2757 485 2838 evangelii
507 2759 747 2840 praedicatores
769 2761 810 2826 ab
833 2761 979 2826 ulteriori
998 2779 1129 2826 accessu
1149 2760 1181 2823 in
1196 2758 1373 2823 Moraviam
1393 2765 1472 2822 sunt
1485 2777 1551 2839 pro-

329 2841 436 2921 hibiti;
460 2862 595 2926 cumque
612 2846 790 2911 Rastislaus
812 2853 1031 2928 cognosceret,
1049 2845 1303 2924 Constante-hem,
1326 2842 1551 2924 Philosophum

329 2929 598 3009 cognominatum,
613 2931 698 2995 inter
711 2931 870 3011 Kazaros,
886 2932 1019 3013 stirpem
1035 2929 1202 3009 slavicam,
1217 2927 1354 2993 feliciter
1367 2929 1551 3008 praedicare

329 3013 543 3094 cvangehnm,
573 3016 678 3080 missis
705 3016 1012 3097 Constantinopohm
1037 3015 1153 3098 legatis
1182 3015 1266 3079 hunc
1295 3013 1336 3077 ab
1362 3014 1551 3094 imperatore

327 3099 461 3178 petebat
475 3100 587 3164 ditioni
602 3120 680 3165 suae
695 3103 867 3167 doctorem.
912 3102 1093 3181 Imperator
1113 3099 1262 3180 precibus
1278 3099 1347 3179 ejus
1369 3101 1500 3179 annuit,
1523 3105 1550 3162 et

327 3201 409 3248 anno
426 3184 497 3248 863.
514 3183 753 3265 Constantinus,
770 3192 893 3251 mutato
908 3187 1034 3251 nomine
1050 3205 1107 3250 sno
1121 3184 1154 3249 in
1169 3183 1248 3249 illud
1266 3183 1397 3268 cyrila,
1417 3185 1550 3250 adscito-

328 3286 391 3348 que
405 3268 438 3332 in
452 3268 571 3333 laboris
587 3271 707 3335 socium
722 3269 822 3336 fratre
837 3271 991 3334 Methodto
1013 3271 1077 3336 iter
1096 3277 1224 3349 etopus
1242 3287 1417 3350 aggressus
1434 3279 1499 3350 est,
1522 3273 1550 3333 et

328 3353 438 3417 statim
454 3354 494 3418 de
509 3354 673 3435 alphabeti
687 3356 867 3421 inventione
882 3363 980 3437 atque
996 3357 1035 3422 de
1051 3376 1092 3421 ss.
1108 3356 1263 3420 librorum
1273 3354 1420 3421 versione
1436 3355 1550 3437 cogita·

399 3610 408 3638 ¹
425 3606 523 3660 Editus
535 3614 576 3660 est
595 3608 644 3661 suh
662 3608 752 3662 titulo:
771 3608 891 3676 Quatuor
902 3609 935 3662 D.
948 3609 981 3662 N.
994 3608 1019 3662 J.
1034 3608 1081 3662 ch.
1095 3606 1292 3675 evangeliorum
1309 3605 1446 3661 versiones
1462 3622 1551 3675 peran-

329 3671 418 3739 tiquae
435 3673 516 3739 duae,
537 3675 644 3744 gothica
655 3676 712 3730 scil.
726 3682 752 3729 et
764 3677 984 3744 anglosaxonica,
1005 3692 1117 3744 quarum
1132 3675 1207 3728 illam
1224 3690 1258 3728 ex
1276 3673 1450 3729 celeberrimo
1467 3674 1551 3728 codice

328 3747 454 3808 argenteo
466 3759 536 3796 nunc
548 3745 664 3812 primurn
677 3745 823 3812 depromsit
834 3746 931 3799 Franc.
945 3745 1051 3809 lunius,
1069 3745 1138 3796 hanc
1150 3750 1240 3797 autern
1259 3759 1292 3797 ex
1308 3737 1384 3797 codd.
1398 3759 1463 3797 mss.
1476 3741 1551 3796 colla·

328 3807 364 3861 tis
376 3808 469 3862 recudi
481 3812 584 3864 curavit
592 3811 687 3866 Thom.
698 3813 888 3878 Mareshallus‚
900 3812 1013 3882 Anglus,
1027 3813 1104 3881 eujus
1116 3812 1197 3864 etiam
1209 3812 1407 3866 observationes
1418 3812 1448 3864 in
1456 3818 1551 3864 utram·

327 3891 378 3996 {ue
390 3876 539 3930 versionem
551 3880 752 3934 subnectuntur.
770 3882 893 3934 Accessit
906 3887 933 3935 et
944 3881 1104 3950 glossarium
1113 3880 1250 3947 gothicum
1259 3893 1424 3946 --opera
1434 3877 1550 3947 ejusdem

351 3959 424 3998 rano.
437 3944 518 3998 Junii.
537 3947 691 4001 Dortrechti
710 3950 784 4003 1665.
806 3950 840 4014 4.,
860 3948 1157 4015 Amstelodami1684.;
1178 3980 1211 3988 —
1232 3964 1298 4002 cura
1315 3953 1342 4001 et
1359 3947 1448 4001 studio
1461 3947 1550 4002 Geor.

329 4013 505 4065 Stirnhielmii
518 4013 680 4092 Stockholm.
694 4018 769 4071 1671.
782 4018 821 4083 4.;
833 4049 867 4057 -
879 4049 912 4057 -
924 4019 957 4071 ab
969 4016 1087 4070 Edward
1098 4016 1154 4086 Lye
1166 4015 1250 4070 Onon.
1263 4017 1338 4070 1750.
1357 4016 1395 4082 4.;
1408 4047 1442 4055 —
1455 4047 1489 4056 -
1500 4030 1516 4067 a
1527 3963 1549 4066 ᾗ.

328 4081 389 4136 Chr.
402 4080 487 4146 Zahn,
500 4082 675 4136 Werssenfels
688 4085 764 4138 1805.
776 4083 801 4138 4.

396 4153 406 4184 ²
423 4149 489 4203 Cum
502 4149 715 4206 adnotationibus
728 4153 801 4206 edita
812 4161 875 4207 sunt
887 4169 903 4206 a
915 4154 946 4206 F.
959 4155 992 4206 A.
1006 4152 1109 4206 Knittel
1121 4153 1263 4206 Brunovic.
1276 4152 1351 4206 1762.
1365 4152 1390 4205 4.

395 4221 406 4252 ³
423 4218 587 4286 Fragmenta
598 4219 664 4273 haec
677 4220 749 4274 edita
762 4229 825 4275 sunt
842 4238 858 4274 a
875 4222 903 4275 0.
916 4223 946 4275 0.
960 4221 1149 4274 Gastillionaeo
1165 4220 1273 4274 Mediol.
1293 4221 1367 4274 1829.
1387 4227 1414 4273 et
1433 4219 1508 4273 1834.
1526 4223 1550 4268 et

329 4284 404 4339 1839.
425 4286 524 4339 Omnes
536 4287 664 4340 versionis
676 4290 798 4356 gothicae
810 4290 938 4357 reliquiae
951 4288 1079 4343 collectae
1091 4295 1118 4342 et
1130 4289 1217 4342 editae
1231 4293 1293 4342 sunt
1305 4288 1361 4341 ino
1380 4303 1436 4341 ere:
1449 4285 1548 4342 Ulfilas.

327 4353 433 4407 Veteris
447 4363 474 4407 et
485 4354 518 4407 N.
532 4353 562 4408 T.
576 4356 705 4409 versionis
717 4358 838 4425 gothicae
850 4358 1013 4425 fragmenta,
1031 4372 1098 4424 quae
1115 4363 1271 4425 supersunt,
1288 4356 1322 4409 ad
1340 4305 1420 4410 diem
1433 4355 1549 4409 codicum

328 4422 466 4501 castigata,
486 4422 619 4476 latinitate
636 4423 742 4490 donata,
763 4426 932 4479 adnotatione
948 4426 1042 4479 critica
1053 4425 1192 4490 instructa,
1214 4441 1274 4478 cunr
1286 4425 1416 4493 glossario
1427 4432 1455 4477 et
1466 4438 1549 4544 ffur-

327 4496 425 4543 matrca
440 4490 547 4558 linguae
564 4493 699 4560 gothicae,
719 4495 868 4562 conjunctis
885 4494 957 4548 curis
974 4493 1114 4548 ediderunt
1126 4494 1159 4547 H.
1173 4493 1202 4547 C.
1215 4493 1249 4546 de
1262 4491 1417 4546 Gabelentz.
1426 4497 1455 4544 et
1508 4488 1548 4543 .J.

328 4555 411 4614 Lobe.
428 4557 455 4609 11
466 4557 563 4612 volunr.
575 4560 603 4613 in
615 4561 650 4613 4²⁰
662 4560 770 4628 Lipsiae
785 4563 856 4614 1843.
875 4563 945 4616 1846.
