3364 5156
773 307 840 313 -
883 267 945 332 aas

302 441 430 522 stirpes,
447 439 652 521 quasGraeci
669 448 701 504 et
710 439 844 504 Romani
854 437 1000 502 Trocmos
1016 443 1049 502 et
1057 413 1261 520 Toturocojos
1271 440 1484 521 nominarunt,
1495 451 1523 507 et

303 526 420 608 quibus
432 544 503 590 sese
513 525 684 590 associavit
695 525 794 606 stirps
806 524 927 602 celtica,
939 521 1296 608 Tecrooopmappellata,
1307 526 1524 593 ,numadum

303 631 322 676 e
343 609 448 678 Galba
468 611 624 691 impetum
646 608 790 674 lecerunt
813 610 845 673 in
866 608 1074 674 Macedoniae
1096 627 1238 689 regnum,
1260 615 1335 689 post
1355 609 1524 677 Alexandri

304 702 440 760 mortem
455 696 605 759 dirutum.
649 694 677 758 E
694 695 844 775 Thracia,
866 695 921 759 ubi
941 713 1017 775 pars
1033 695 1192 775 quaedam
1208 692 1405 774 aliquamdiu
1421 698 1525 762 sedem

303 778 461 845 habuerat
471 779 575 861 fixam,
590 781 623 845 in
630 779 741 846 Asiam
752 781 905 845 minorem
917 781 1120 862 trajecerrmt,
1136 778 1346 860 aNicomede,
1358 780 1525 863 Bithyniae

302 885 388 948 rege,
403 865 538 946 invitati,
555 867 606 930 cui
618 885 711 947 opem
722 865 842 931 ferrent
853 867 1006 930 advertus
1018 864 1173 929 Cibootam
1184 863 1318 930 fiatrem
1328 866 1524 934 dimicaturo.

303 951 420 1032 Ahqua
431 951 601 1032 Bithyniae
612 959 706 1032 parte
718 951 828 1017 donati
838 971 978 1032 numero,
992 950 1185 1016 auctoritate
1195 969 1233 1015 ac
1244 952 1388 1032 potentia
1399 973 1525 1035 magno-

303 1056 380 1118 pere
390 1037 601 1116 increverunt,
618 1057 676 1118 pro
691 1036 878 1102 fortitudine
893 1057 953 1101 sua
963 1037 1185 1118 perpetuaque
1196 1035 1272 1100 belli
1283 1039 1415 1118 gerendi
1427 1044 1525 1104 terra·

303 1140 437 1202 rumque
450 1122 732 1204 expugnandarum
748 1123 896 1204 cupidine
910 1122 990 1186 fines
1002 1122 1156 1186 territorii
1168 1122 1219 1186 sni
1231 1121 1413 1203 dilatantes,
1431 1124 1525 1190 donec

304 1207 344 1272 ab
356 1207 476 1287 Arato,
484 1207 633 1289 Pergami
645 1227 722 1290 rege
729 1210 873 1289 superati
881 1207 944 1287 (an.
953 1209 1025 1272 240.
1034 1227 1061 1272 a.
1072 1207 1142 1290 Ch.)
1150 1207 1332 1287 Bithyniam
1340 1208 1525 1291 relinquere,

305 1299 338 1356 et
348 1293 441 1374 juxta
456 1291 565 1376 Halyn
577 1293 713 1375 flur-fian
733 1294 818 1357 iutra
838 1292 916 1357 fines
937 1312 1008 1358 sese
1030 1293 1191 1358 continere
1213 1295 1416 1374 angustiores
1439 1314 1526 1377 coge-

306 1384 426 1443 rentur.
471 1377 636 1442 Tenebant
651 1379 718 1460 jam
740 1397 811 1442 eum
834 1383 941 1444 terrae
956 1384 1095 1443 tractum
1110 1379 1283 1443 admodum
1296 1376 1452 1460 fertilem,
1475 1383 1526 1462 qui

305 1463 486 1543 Bithyniae,
501 1462 669 1544 Phrygiae,
692 1463 924 1545 Cappadociae,
939 1465 1042 1529 Ponto
1060 1471 1094 1529 et
1108 1464 1347 1545 Paphlagoniae
1361 1466 1526 1547 interJ'ace-

306 1549 371 1612 bat.
401 1547 494 1612 Unde
508 1546 629 1612 factum
645 1555 703 1628 est,
724 1556 761 1614 ut
775 1551 864 1631 regio
879 1551 934 1614 illa
949 1557 1018 1614 tum
1034 1548 1177 1630 datura,
1198 1555 1267 1614 tum
1281 1557 1416 1632 propter
1431 1551 1526 1616 Grae

306 1651 360 1698 cos
380 1632 514 1713 multos,
537 1652 607 1698 cum
627 1634 677 1698 his
693 1635 874 1700 recentibus
888 1635 1000 1700 incolis
1011 1635 1139 1717 junctos
1156 1633 1405 1699 Gallo-Graecia
1421 1637 1526 1718 appel-

305 1719 434 1784 laretur.
481 1718 567 1784 Gens
591 1725 699 1783 tamen
723 1720 804 1785 haec
829 1720 996 1800 belhcosa,
1022 1719 1149 1802 populis
1170 1720 1364 1802 regibusque
1386 1719 1526 1787 finitimis

305 1803 402 1868 Asiae
417 1803 578 1883 terribihs,
599 1824 680 1869 anno
697 1805 768 1869 188.
784 1825 811 1870 a.
829 1805 884 1870 Ch.
900 1825 1032 1887 prorsus
1048 1806 1174 1871 devicta
1189 1813 1238 1870 est
1253 1824 1272 1869 a
1288 1807 1450 1886 Romanis,
1474 1807 1525 1872 Oc.

306 1889 429 1952 Morbo
450 1890 593 1968 consule,
617 1909 791 1971 eorumque
810 1891 943 1971 imperio
958 1892 1074 1956 abhoc
1089 1891 1162 1955 inde
1176 1896 1322 1971 tempore
1335 1893 1462 1972 paruit,
1483 1894 1526 1957 ita

281 2047 283 2054 ,
304 1981 420 2054 tamen,
436 1981 473 2038 ut
487 1995 583 2056 porro
600 1994 675 2040 suos
691 1976 829 2040 haberet
840 1995 942 2058 reges,
958 1976 1147 2055 tetrarchas
1163 1977 1356 2041 auctoritate
1372 1978 1526 2042 Romano-

304 2079 377 2123 rum
391 2067 570 2142 regnantes,
590 2062 783 2142 usquedum
799 2060 927 2126 Galatia
942 2081 991 2125 an.
1007 2062 1057 2125 26.
1073 2081 1101 2126 a.
1118 2060 1174 2124 Ch.
1189 2081 1249 2143 per
1262 2062 1439 2146 Aequorum
1457 2062 1526 2127 Ooo-

305 2168 408 2208 sarcm
421 2146 455 2209 in
468 2144 603 2211 formam
618 2147 800 2227 provinciae
816 2148 978 2212 Romanae
993 2148 1203 2228 redigeretur,
1227 2154 1260 2211 et
1274 2146 1399 2228 legibus
1414 2149 1526 2213 Roma·

283 2230 353 2309 ,nis
370 2234 402 2294 et
417 2237 626 2312 propraetore
641 2233 883 2313 gubernaretur.

391 2315 429 2379 In
443 2316 524 2380 hanc
540 2317 701 2398 regionem
713 2337 785 2382 mox
796 2316 935 2398 plurium
947 2317 1089 2398 gentium
1101 2317 1280 2402 migrarunt
1290 2317 1441 2397 coloniae,
1457 2336 1526 2399 par-

277 2461 279 2466 .
305 2401 363 2464 tim
375 2400 596 2465 soli'ubertate
607 2401 751 2482 allectae,
763 2403 882 2483 partim
893 2408 1093 2468 mercaturae
1106 2402 1213 2466 studio
1223 2402 1348 2466 ductae.
1372 2402 1526 2467 Interhas

307 2486 404 2551 etiam
419 2487 562 2552 ludaeos
573 2485 681 2566 luisse,
697 2491 788 2569 patet
800 2487 1127 2571 eJosephiFl.Antiq.
1142 2487 1190 2566 16,
1203 2488 1232 2566 6,
1245 2487 1283 2566 2.,
1300 2487 1356 2550 ubi
1367 2493 1526 2552 narratur:

305 2573 488 2652 Augustum
502 2573 535 2636 in
550 2573 669 2653 templo
677 2573 822 2653 Ancyrae
837 2573 899 2638 sibi
915 2579 1099 2639 consecrato
1115 2573 1279 2637 decretum
1295 2572 1383 2654 affigi
1395 2574 1525 2653 jussisse

306 2658 338 2721 in
359 2657 496 2737 gratiam
517 2657 731 2738 ludaeorum,
754 2678 794 2724 ue
814 2659 879 2723 scil.
900 2659 1067 2724 aGraecis
1083 2658 1298 2738 Romanisque
1317 2656 1526 2722 laederentur.

307 2743 397 2806 Idem
413 2743 583 2808 edocemur
598 2763 636 2807 ex
653 2744 807 2824 epistolae
822 2751 1021 2825 argumento,
1037 2744 1124 2824 quod
1138 2741 1331 2822 manifestat,
1353 2762 1435 2823 eam,
1457 2744 1526 2808 licet

306 2847 368 2892 non
383 2827 460 2893 solis
474 2829 495 2892 J
497 2829 823 2909 udaeo-Christianis,
846 2836 953 2894 tamen
973 2829 1153 2895 hominibus
1167 2829 1252 2892 inter
1266 2828 1286 2892 J
1288 2828 1410 2892 udaeos
1426 2829 1526 2893 viven-

305 2913 393 2978 tibus
408 2915 634 2996 religionisque
645 2915 795 2996 judaicae
810 2934 872 2980 nou
886 2915 1007 2996 ignaris
1024 2932 1095 2978 esse
1110 2914 1272 2994 scriptam.

859 3133 887 3214 g.
906 3133 976 3197 rso.

760 3270 924 3332 Epistolae
943 3271 1076 3321 occasio.

393 3424 525 3488 Occasio
541 3425 637 3505 hujus
653 3422 809 3505 epistolae
821 3423 1032 3504 cognoscitur,
1049 3423 1076 3486 si
1088 3423 1246 3504 quaedam
1257 3422 1392 3487 notitiae
1402 3423 1527 3487 histori-

306 3527 364 3574 cae
374 3509 407 3572 in
419 3509 544 3574 actibus
552 3510 633 3591 App.
648 3513 850 3573 occurrentes
864 3511 896 3572 et
909 3508 1063 3589 epistolae
1075 3512 1298 3588 argumentum
1310 3507 1527 3587 respiciantur.

393 3595 425 3658 S.
440 3595 561 3658 Paulus
578 3594 725 3659 collfict.
743 3595 792 3672 16,
809 3594 837 3657 6.
854 3611 927 3657 cum
943 3612 990 3673 ep.
1007 3593 1050 3656 ad
1065 3592 1134 3656 Gal.
1150 3594 1180 3672 4,
1199 3594 1247 3656 13.
1264 3611 1329 3672 seq.
1345 3592 1527 3656 insecundo

306 3679 421 3744 itinere
435 3678 559 3743 Galatis
576 3678 774 3760 evangelium
789 3679 988 3759 praedicavit
1004 3682 1036 3742 et
1051 3679 1171 3758 optime
1187 3678 1227 3742 ab
1244 3678 1290 3742 eis
1307 3681 1459 3757 exceptus
1474 3687 1527 3742 est.

309 3764 389 3828 Cum
405 3769 513 3828 autem
534 3765 566 3828 in
587 3765 683 3828 tertio
699 3765 814 3828 itinere
829 3763 931 3828 altera
946 3764 1015 3828 vice
1029 3763 1148 3827 ibidem
1162 3781 1294 3827 versans
1311 3762 1379 3826 coll.
1394 3763 1465 3826 Act.
1483 3762 1527 3840 18,

307 3850 358 3913 23.
395 3847 728 3913 dudeco-Christianis
754 3849 834 3929 legis
860 3849 1018 3912 mosaicae
1045 3848 1299 3913 observationem
1325 3848 1365 3911 ab
1393 3847 1528 3911 ethnico·

308 3933 490 3999 christianis
506 3952 634 4013 quoqne
648 3935 854 4013 poscentibus
868 3932 996 3998 fortiter
1018 3951 1090 3997 sese
1111 3937 1298 4014 opponeret:
1325 3932 1371 3995 illi
1385 3931 1529 4013 Apostoh

188 4053 190 4058 ,
307 4019 360 4082 rix
382 4019 518 4100 digressi
541 4019 767 4083 auctoritatem
786 4019 870 4083 inter
886 4017 1100 4096 Christianos,
1124 4018 1179 4098 qui
1200 4017 1377 4081 doctrinam
1398 4018 1468 4098 ejus
1483 4035 1528 4080 se-

310 4105 491 4184 quebantur
507 4121 627 4180 sanam,
643 4104 740 4168 variis
751 4104 863 4183 modis,
879 4101 1125 4167 narratiunculis
1137 4109 1170 4166 et
1182 4102 1349 4166 calumniis
1360 4100 1528 4182 infringere

308 4190 534 4254 annitebantur
549 4188 594 4269 (l,
608 4189 656 4252 10.
672 4189 789 4272 5,11.).
812 4189 936 4253 Horum
951 4188 1157 4252 seductorum
1171 4191 1263 4250 tanta
1278 4187 1396 4250 eratin
1410 4187 1528 4250 animos

309 4274 697 4340 ethnico-christianorum
712 4275 770 4354 viS,
786 4279 824 4338 ut
836 4272 928 4352 festa,
949 4273 1032 4336 ritus
1047 4277 1080 4337 et
1094 4271 1319 4337 abstinentiam
1334 4271 1528 4336 ludaeorum

310 4359 527 4439 observarent,
543 4364 580 4422 ut
594 4358 704 4440 plures
720 4360 762 4423 ad
778 4358 1047 4423 circumcisionem
1063 4357 1298 4438 suscipiendam
1312 4357 1406 4437 proni
1417 4360 1527 4432 essent,

310 4449 343 4509 et
357 4445 398 4510 de
412 4443 569 4525 Apostolo
585 4445 719 4525 ejusque
734 4444 928 4508 auctoritate
942 4443 1092 4507 dubitare
1106 4443 1282 4522 inciperent
1296 4440 1340 4521 (3,
1358 4442 1386 4504 1.
1398 4459 1486 4522 seqq.
1500 4444 1526 4517 4,

311 4528 360 4592 11.
375 4529 424 4592 14.
438 4529 487 4592 16.
499 4528 549 4592 21,
566 4528 595 4607 5,
607 4529 636 4591 2.
653 4529 769 4610 612).
800 4527 936 4593 Galatae
950 4533 1119 4607 praeterea
1133 4527 1220 4592 vitiis
1235 4525 1427 4607 quibusdam
1443 4529 1528 4590 erant
