3356 5176
788 277 1051 342 ...44-

309 446 386 510 dere
408 447 567 528 nituntur,
594 448 760 527 docenteS,
787 466 880 511 usum
903 467 1013 514 eorum
1035 448 1284 515 ecclesiasticum
1309 465 1347 512 ac
1371 447 1527 529 privatum

305 531 398 612 juxta
412 533 673 598 consuetudinem
688 533 890 614 antiquorum
905 534 1026 599 hcitum
1041 535 1169 615 quidem
1182 552 1261 612 esse,
1279 532 1324 598 eis
1336 552 1411 598 vero
1423 537 1528 598 aucto·

311 617 440 682 ritatem
456 620 594 683 divinam
610 638 666 684 seu
683 619 864 684 eanonicam
879 621 1115 685 venerationem
1130 639 1192 684 non
1207 619 1418 683 tribuendam.

395 704 424 766 3.
457 704 536 769 Cum
552 724 651 770 canon
663 705 701 769 N.
714 704 748 768 T.
766 708 852 770 esset
866 704 955 785 fixus,
971 705 1044 770 libri
1059 705 1105 770 illi
1120 706 1161 769 ab
1177 705 1262 770 omni
1276 723 1337 768 usu
1354 704 1427 769 eccl.
1443 721 1528 768 arce-

309 788 441 868 bantur,
458 809 552 855 sensu
566 791 687 856 mitiori
702 791 875 873 apocryphi
891 791 1094 870 dicebantur,
1110 792 1173 856 imo
1189 790 1279 856 brevi
1293 794 1367 870 post
1383 789 1529 854 obhvioni

309 875 527 954 tradebantur,
543 877 640 958 idque
656 896 692 942 eo
709 876 819 958 magis,
836 876 911 957 quia
926 877 957 940 in
974 877 1107 942 ecclesia
1122 876 1203 940 cath.
1217 893 1367 940 successu
1378 874 1530 956 temporis

310 960 396 1024 edita
412 965 504 1026 erant
518 963 639 1043 scripta
663 966 793 1043 pastore
808 962 962 1042 Hermae,
986 962 1122 1044 epistola
1136 960 1303 1028 Barnabae
1326 960 1418 1042 longe
1439 978 1529 1042 prae·

309 1046 473 1111 stantiora.
1158 1107 1160 1112 .

393 1131 530 1197 Tantum
551 1133 650 1214 igitur
673 1133 780 1212 abest,
806 1138 844 1197 ut
865 1151 942 1197 usus
962 1136 1029 1198 τῶν
1044 1128 1347 1218 ἀναγινωσκομένων
1367 1135 1400 1196 et
1422 1150 1531 1196 eorum

309 1217 487 1296 veneratio,
514 1237 577 1298 qua
603 1220 689 1300 apud
715 1218 880 1283 nonnullos
905 1218 1108 1297 fruebantur,
1134 1218 1317 1283 testimonia
1340 1217 1473 1281 Petrum
1500 1222 1532 1282 et

310 1302 514 1367 ecclesiarum
532 1305 572 1368 de
594 1303 684 1369 libris
707 1304 864 1368 canonicis
887 1309 1037 1385 suspecta
1061 1305 1192 1381 reddat;
1218 1308 1255 1392 pt
1276 1302 1384 1383 potius
1404 1303 1531 1366 illorum

308 1388 443 1453 historia
466 1390 594 1467 doceat,
619 1390 738 1470 quanta
762 1389 919 1470 sapientia
941 1409 978 1454 ac
1000 1389 1212 1455 sollicitudine
1228 1388 1361 1453 ecelesia
1376 1388 1532 1452 catholica

310 1474 416 1537 omnia
431 1475 611 1553 removerit,
628 1493 711 1555 quae
726 1475 777 1539 hio
791 1475 836 1538 ibi
852 1475 963 1540 canoni
979 1494 1050 1540 sese
1065 1475 1238 1540 obtrudere
1253 1473 1445 1538 nitebantur.

395 1560 435 1622 ll.
466 1560 554 1624 lnter
568 1560 666 1625 hbros
681 1562 880 1642 apocryphos
896 1562 930 1642 u)
947 1562 1094 1642 anonymi
1118 1559 1251 1626 confecti
1274 1564 1365 1624 erant
1384 1560 1423 1624 ab
1447 1559 1532 1640 ejus-

309 1645 395 1709 modi
409 1645 602 1725 hominibuS,
619 1647 687 1727 qui,
704 1651 740 1710 ut
755 1665 779 1710 s.
796 1647 1008 1728 Hieronymus
1023 1647 1116 1727 dicit,
1132 1648 1226 1726 „eche
1241 1645 1366 1729 Spiritu
1381 1659 1409 1708 er
1420 1646 1532 1730 pratia

308 1729 376 1793 Da·
394 1733 501 1794 conati
519 1746 590 1795 eunt
612 1734 714 1816 necyia
736 1733 883 1795 ordenare
905 1735 1134 1812 narrationem,
1158 1755 1253 1814 quum
1266 1731 1415 1794 delatoriae
1429 1744 1533 1794 temere

309 1816 504 1895 vaniorem&
532 1820 564 1882 et
586 1817 679 1898 plura
701 1818 829 1899 quidem
849 1837 942 1898 vera,
969 1822 1111 1883 attamen
1133 1819 1229 1883 etiam
1245 1835 1377 1880 erronea
1391 1814 1532 1897 fictaque

309 1901 608 1982 complectebantur.
654 1903 828 1980 Quominus
858 1904 1014 1985 ejusmodi
1043 1904 1163 1985 scripta
1191 1901 1344 1967 historiae
1372 1920 1470 1966 verae
1500 1907 1533 1966 et

309 1987 472 2052 doctrinae
496 1988 680 2054 salutiferae
701 1988 771 2053 fons
793 1990 1003 2069 haberentur,
1030 1989 1171 2068 obstitit,
1199 1988 1285 2069 quod
1308 2006 1418 2052 eorum
1440 1987 1532 2069 origo

270 2144 274 2153 ,
308 2073 426 2154 ignota,
443 2074 938 2156 auctorisnomenincognitum1
954 2080 987 2140 et
998 2075 1151 2140 ecclesiae
1167 2074 1331 2155 quusdam
1347 2073 1532 2138 testimonio

310 2159 466 2222 destituta
481 2163 610 2238 erant,2
626 2164 659 2224 et
673 2161 817 2241 quamvis
831 2161 864 2224 in
879 2160 1024 2226 manibus
1040 2160 1261 2225 nonnullorum
1277 2158 1532 2224 Christianorum

310 2243 361 2307 hic
376 2243 420 2306 ibi
436 2248 469 2308 et
483 2245 681 2326 aliquamdiu
702 2250 922 2324 versarentur,
948 2246 987 2311 ab
1012 2246 1145 2311 ecelesia
1165 2251 1271 2309 tamen
1294 2263 1356 2308 non
1377 2263 1533 2326 agnosce-

310 2329 435 2408 bantur,
452 2329 492 2393 ab
508 2349 569 2393 usu
583 2330 709 2411 publico
725 2331 924 2409 arcebantur,
940 2332 1075 2412 ideoque
1090 2331 1272 2412 apocrypha
1282 2334 1370 2394 recte
1381 2329 1533 2396 diceban-

311 2418 365 2477 tur
380 2418 413 2478 et
426 2415 597 2480 manebant
612 2416 697 2481 omni
711 2417 814 2497 pretio
830 2418 993 2482 destituta.
1004 2422 1016 2460 ³
1029 2453 1072 2461 —
1087 2419 1118 2498 b)
1134 2416 1418 2496 Pseudepigrapha
1430 2416 1533 2482 ecele-

311 2499 359 2562 sia
382 2500 550 2580 catholica,
577 2521 639 2566 non
660 2501 860 2566 obstantibus
877 2503 1058 2583 splendidis
1081 2521 1190 2566 eorum
1212 2501 1315 2565 titulis
1337 2499 1486 2582 (signis),
1514 2521 1533 2566 a

310 2584 524 2665 praelectione
539 2607 600 2652 non
621 2593 745 2651 tanturn
764 2587 892 2668 publica
916 2593 1099 2653 constanter
1120 2587 1266 2665 arcebat,
1290 2587 1469 2651 sedetiam
1493 2607 1533 2652 ne

307 2670 456 2751 privatim
472 2672 599 2751 quidem
615 2673 679 2753 legi
690 2674 847 2738 suadebat
861 2678 918 2737 aut
933 2673 1160 2739 concedebatl
1189 2672 1258 2736 Hac
1272 2672 1382 2753 itaque
1403 2673 1534 2738 ratione

306 2754 426 2821 factum
442 2760 500 2837 est,
516 2762 551 2821 ut
567 2758 721 2838 ejusmodi
737 2760 856 2840 scripta
871 2759 913 2823 ad
928 2759 1013 2824 solas
1027 2760 1176 2824 haereses
1191 2761 1355 2823 manerent
1369 2759 1533 2824 restricta.

377 2996 386 3026 ¹
404 2992 472 3060 „Qui
489 2993 659 3061 appellantur
677 2993 835 3063 apocryphi,
856 3009 909 3047 non
927 2994 997 3063 quod
1013 2994 1128 3048 habendi
1146 2993 1243 3047 sintin
1263 2993 1352 3061 aliqua
1369 2995 1532 3048 auctoritate

308 3065 418 3125 secreta,
441 3061 487 3114 sed
499 3062 561 3129 quia
572 3062 647 3115 nulla
658 3062 852 3116 testificationis
865 3062 924 3116 luce
938 3062 1074 3126 declarati,
1096 3063 1128 3116 de
1141 3062 1230 3115 nescio
1243 3078 1294 3130 quo
1307 3068 1417 3126 secreto,
1439 3063 1533 3116 nescio

306 3144 417 3196 quorum
434 3131 631 3197 praesumtione
650 3130 747 3197 prolati
766 3135 854 3183 sunt.“
888 3131 914 3184 S.
931 3134 1000 3198 Aug.
1020 3137 1103 3184 contr.
1123 3131 1253 3184 Faustum
1269 3131 1316 3184 Xl.
1334 3131 1358 3183 2.
1381 3161 1414 3169 -
1435 3131 1532 3198 „Quod

306 3213 397 3250 eorum
415 3198 521 3251 occidte
538 3199 611 3266 origo
627 3215 680 3251 non
692 3199 788 3252 claruit
800 3199 938 3264 Patribus,
959 3200 1081 3267 aquibus
1094 3199 1224 3266 usquead
1235 3215 1283 3252 nos
1296 3199 1442 3252 auctoritas
1454 3215 1532 3253 vera-

305 3266 584 3389 gumxssmggmarm
596 3267 746 3321 certissima
758 3273 785 3320 et
796 3267 934 3320 notissima
951 3268 1118 3322 successione
1136 3268 1280 3334 pervenit.“
1313 3267 1386 3320 Idem
1405 3266 1439 3320 de
1458 3269 1531 3322 civit.

332 3349 356 3387 er
420 3376 425 3387 .
475 3376 480 3387 .
536 3357 539 3362 ¹

273 3436 279 3450 .
374 3407 385 3437 2
403 3403 507 3467 „Ceteri
520 3410 608 3456 autem
618 3403 750 3468 homines,
770 3403 815 3471 qui
827 3402 859 3457 de
872 3403 978 3457 Domini
989 3404 1031 3458 vel
1043 3404 1231 3472 Apostolorum
1244 3403 1347 3458 actibus
1360 3403 1451 3470 aliqua
1464 3404 1531 3458 scri·

305 3471 368 3523 bere
382 3472 470 3524 conati
483 3478 553 3536 eunt,
565 3489 618 3525 non
630 3472 698 3526 tales
711 3472 871 3525 exstiterunt
883 3473 938 3526 suis
951 3473 1122 3540 temporibus,
1135 3478 1165 3525 ut
1177 3473 1215 3526 eis
1227 3471 1307 3525 fidem
1319 3472 1431 3526 haberet
1443 3473 1530 3526 eccle·

306 3538 354 3602 sia,
367 3546 447 3606 utque
459 3540 487 3593 in
499 3541 684 3594 auctoritatem
697 3541 850 3594 canonicam
863 3540 990 3594 librorum
1004 3548 1155 3594 sanctorum
1168 3556 1259 3594 eorum
1272 3540 1372 3608 scripta
1382 3540 1530 3609 reciperet,

306 3623 355 3660 nec
368 3607 524 3675 solumquia
532 3609 572 3661 illi
584 3625 636 3662 non
648 3609 716 3662 tales
727 3615 810 3672 erant,
823 3609 917 3677 quibus
928 3609 1098 3663 narrantibus
1107 3608 1215 3663 credere
1225 3613 1372 3676 oporteret3
1385 3609 1433 3662 sed
1447 3609 1530 3662 etiam

306 3675 367 3742 quia
383 3676 490 3796 scriptis
509 3678 565 3731 suis
583 3677 713 3750 quaedam
730 3676 863 3731 fallaciter
879 3677 1045 3742 indiderunt,
1067 3693 1135 3745 quae
1147 3677 1278 3731 catholica
1289 3683 1368 3744 atque
1380 3677 1531 3744 apostolica

306 3742 429 3811 rcgulafi
449 3751 512 3797 eret
525 3761 591 3798 sana
602 3746 723 3800 doctrina
734 3744 911 3799 contemnat.“
937 3746 962 3800 S.
975 3749 1044 3814 Aug.
1058 3746 1091 3799 de
1103 3761 1174 3799 cons.
1188 3761 1279 3812 evang.
1292 3750 1390 3812 proem.

375 3815 386 3846 ³
403 3812 588 3879 „Scripturaa
611 3830 678 3881 quae
691 3813 863 3882 appellantur
874 3815 1054 3882 apocryphae,
1074 3830 1122 3881 pro
1134 3830 1178 3877 eo,
1199 3813 1268 3882 quod
1280 3813 1365 3866 mirlta
1377 3813 1457 3866 ineis
1470 3830 1529 3868 cor-

305 3886 385 3947 rupta
403 3886 430 3933 et
447 3887 539 3933 contra
557 3881 636 3934 fidem
654 3896 743 3935 veram
762 3882 933 3935 inveniuntur
949 3897 966 3935 a
982 3883 1127 3949 majoribus
1144 3882 1281 3946 traditam,
1303 3897 1356 3934 non
1372 3881 1477 3949 placuit
1488 3882 1528 3935 eis

306 3948 364 4000 dari
376 3949 473 4014 locum,
486 3965 535 4003 nec
546 3949 651 4002 admitti
663 3951 697 4002 ad
710 3950 920 4003 auctoritatem.“
944 3950 1015 4018 Orig.
1029 3950 1057 4003 in
1068 3950 1168 4018 proleg.
1180 3951 1208 4002 in
1221 3951 1296 4004 Cant.
1309 3955 1379 4002 cant.

373 4021 384 4051 ⁴
402 4023 459 4072 Καί
474 4039 522 4086 μοι
541 4019 630 4088 μηδὲν
648 4021 703 4072 τῶν
721 4017 895 4089 ἀποκρύφων
912 4020 1089 4090 ἀναγίνωσκε.
1111 4017 1141 4073 Ὁ
1155 4017 1207 4091 γὰρ
1225 4017 1299 4090 παρὰ
1318 4015 1434 4072 πᾶσινὸ
1459 4023 1527 4073 olo-

303 4083 1416 4224 ttlethtt‘lt‘atetlattaliae‘tltttt‘ttl'ttdllh
1448 4086 1527 4210 itt:

307 4231 365 4282 ταῖς
382 4226 536 4290 ἐκκλησίαις
551 4220 591 4295 μὴ
609 4176 841 4291 ἀναγκνώσκετῗκκ,
861 4177 946 4276 repetere
961 4177 1032 4295 μῆχδὲ
1044 4223 1113 4278 κατὰ
1125 4223 1243 4279 σεαυτὸν
1254 4178 1526 4295 draytvooxeilIbid.

305 4305 330 4375 13.
343 4291 384 4344 36.
405 4323 439 4377 .-
461 4291 487 4346 S.
500 4289 666 4378 ljasiliust.
679 4290 814 4374 monachis
834 4291 976 4358 praecipit:
1001 4289 1035 4344 rb
1051 4289 1198 4371 ἔνδιάνεκᾳ
1213 4296 1303 4360 βιβλία
1315 4289 1524 4362 ἀναγινώσκειν,

305 4362 732 4496 tetfytttuttttttttt
747 4378 840 4494 etth
852 4357 1525 4495 testatabdffitdttttatdttt

306 4495 339 4547 ad
352 4495 487 4561 signorum
498 4496 673 4550 reverentiam
685 4495 774 4563 legere
791 4495 915 4560 voluerit,
937 4496 1015 4560 sciat,
1037 4509 1127 4548 eorum
1144 4512 1197 4550 non
1215 4511 1286 4562 esse,
1306 4511 1417 4566 quorum
1436 4494 1524 4550 titulis

305 4569 520 4632 praenotantur.“
545 4565 598 4619 cfr.
613 4565 722 4635 Gregor.
734 4563 800 4618 Nan.
814 4577 921 4618 carmen
932 4562 964 4618 V.
977 4563 1012 4619 ad
1024 4562 1173 4620 Seleucum.
