3356 5176
594 347 746 410 -49
790 385 860 398 -.

120 538 210 596 unum
225 522 507 604 conjnngebantur.
538 519 688 601 Singulae
703 519 839 600 paginae
854 519 886 582 in
901 519 1062 584 columnas
1078 519 1177 583 dividi
1191 518 1335 583 solebant

119 606 221 685 plures
236 613 295 670 aut
309 608 493 688 pauciores;
509 607 555 670 sic
570 607 669 670 codex
683 605 916 668 Alexandrinus
933 605 1000 687 (Α)
1015 604 1115 686 binas,
1132 605 1231 671 codex
1245 604 1335 669 Vati-

120 710 211 756 canus
238 690 309 775 (B)-
323 693 441 772 trinaS,
469 691 639 756 Sinaiticus
666 697 837 771 quaternas
865 690 1008 769 exhibet;
1039 697 1181 756 attamen
1207 692 1239 755 in
1265 690 1336 754 ahis

119 778 340 859 manuscriptis
362 778 522 858 scriptura
544 797 602 858 per
623 777 781 858 integram
804 776 939 857 paginae
961 776 1163 842 latitudinem
1186 777 1336 856 decurrit,

119 864 197 927 utin
213 864 323 929 codice
337 863 597 945 Ephraemi·Syri
612 863 767 944 rescripto
783 861 848 943 (0).

328 1087 359 1138 3.
382 1085 430 1136 De
443 1086 536 1137 varia
548 1088 657 1137 textus
669 1085 755 1137 sacri
766 1085 937 1146 divisione,
951 1087 983 1135 et
995 1087 1124 1146 quidem

676 1221 705 1302 ξ.
727 1222 778 1287 36.

299 1428 301 1432 ¹
338 1358 367 1426 a)
384 1370 539 1424 petrocum
552 1355 746 1424 separationem
763 1360 790 1410 et
801 1355 1022 1424 interpunctionis
1035 1357 1118 1424 signa.

199 1511 368 1596 Scriptura
394 1515 556 1599 conrobora,
582 1532 665 1593 quae
686 1513 914 1595 Apostolorum
937 1518 1081 1596 tempore
1110 1514 1231 1579 usitata
1260 1520 1338 1594 erat,

119 1598 212 1662 etiam
228 1599 332 1662 serius
347 1598 555 1663 retinebatur
598 1599 635 1663 In
649 1599 926 1680 inscriptionibus,
943 1618 1025 1680 quae
1040 1606 1114 1665 ante
1130 1600 1292 1664 Christum
1307 1604 1340 1664 et

120 1689 261 1764 tempore
272 1685 447 1764 primorum
460 1684 633 1750 Caesarum
644 1691 793 1750 exaratae
808 1693 891 1767 sunt,
907 1687 1045 1752 occurrit
1061 1686 1189 1767 quidem
1204 1686 1340 1750 vocabu-

121 1769 220 1833 lorum
246 1770 407 1852 separatio
433 1790 492 1851 per
516 1778 652 1851 puncta;
678 1779 730 1837 ast
753 1773 833 1837 haec
857 1773 890 1836 in
915 1771 1005 1836 libris
1031 1791 1093 1836 non
1120 1778 1189 1836 erat
1210 1771 1339 1836 usitata.

122 1853 225 1919 Etiam
248 1855 513 1936 interpunctionis
536 1857 627 1938 signa
645 1857 712 1938 jam
735 1858 790 1921 diu
811 1864 886 1921 ante
907 1877 1015 1922 aeram
1038 1856 1242 1921 christianam
1265 1862 1340 1921 nota

124 1945 225 2020 erant,
251 1945 393 2006 attamen
417 1943 459 2006 ad
482 1943 761 2024 grammaticorum
784 1943 908 2008 scholas
937 1947 969 2008 et
996 1943 1168 2023 scriptores
1197 1942 1340 2006 eruditos

124 2027 267 2090 restricta
289 2026 490 2092 manebant.1
535 2028 596 2104 Qui
617 2029 716 2109 igitur
738 2047 846 2094 sacros
867 2028 905 2092 N.
922 2029 956 2092 T.
979 2028 1078 2092 libros
1102 2028 1209 2108 legere
1231 2027 1339 2106 voluit,

129 2131 184 2176 eum
209 2131 228 2176 e
251 2111 354 2177 literis
376 2132 470 2178 voces
495 2118 528 2178 et
550 2133 567 2178 e
588 2114 719 2178 vocibus
743 2115 917 2180 sententias
943 2113 1081 2179 formare
1106 2131 1236 2178 necesse
1262 2119 1339 2178 erat.

131 2196 194 2262 llinc
213 2197 332 2261 mirum
345 2218 408 2263 non
424 2205 486 2279 est,
503 2199 590 2280 apud
604 2199 718 2264 Patres
733 2201 895 2281 antiquos
911 2201 944 2264 in
958 2198 1158 2264 versionibus
1173 2217 1211 2262 ac
1226 2198 1340 2263 codici·

131 2282 173 2347 bos
200 2283 312 2347 varias
341 2285 503 2366 mirasque
533 2286 717 2350 earumdem
746 2304 858 2351 vocum
889 2290 921 2350 et
951 2287 1180 2351 sententiarum
1208 2284 1343 2350 inveniri

127 2369 339 2448 separationes
355 2375 388 2433 et
403 2371 648 2452 conjunctiones.
687 2371 739 2436 Sic
753 2371 894 2437 nonnulli
909 2371 1023 2437 Patres
1038 2371 1152 2452 Phihp.
1170 2372 1197 2450 1,
1215 2372 1242 2434 1.
1258 2371 1342 2452 lege-

125 2453 192 2518 bant
209 2455 479 2536 nevernensium,
497 2457 596 2522 codex
610 2456 844 2523 Baemerianus
860 2456 919 2538 (G)
935 2457 1015 2521 Phil.
1031 2459 1065 2537 2,
1081 2457 1111 2520 4.
1128 2456 1257 2523 ἕκαστοι
1271 2478 1342 2522 σκο-

125 2543 258 2618 ποῦντες
273 2539 399 2604 divisit:
423 2539 569 2621 ἑκάστοις
587 2545 779 2620 renodatam
807 2543 874 2608 eod.
890 2543 1007 2606 LLuc.
1023 2543 1079 2622 24,
1103 2542 1153 2608 34.
1170 2561 1188 2607 e
1208 2541 1343 2607 lectione

124 2623 217 2715 doni
240 2623 365 2708 Σίμωνι
379 2624 546 2692 formavit:
563 2624 685 2716 ὤφθης
707 2625 798 2710 (μῶν.

200 2654 357 2775 littamen
368 2711 435 2792 Jam
449 2713 482 2776 in
498 2713 565 2777 cod.
581 2654 795 2778 Alexanilrino
812 2717 872 2790 (A)
887 2732 1000 2779 vocum
1016 2714 1177 2795 separatio
1199 2733 1258 2794 per
1280 2713 1344 2795 sig-

122 2815 190 2860 num
207 2801 318 2860 nostro
335 2798 483 2862 commati
499 2798 601 2864 simile
614 2799 820 2878 in'superiori
834 2799 947 2864 hterae
959 2799 1061 2863 finaHs
1074 2800 1165 2880 apice
1175 2799 1343 2865 indicatur.

122 2881 154 2945 ln
168 2881 281 2946 codice
295 2882 449 2963 nugensi
464 2882 542 2965 (It),
558 2884 613 2964 qui
629 2885 755 2948 saeculo
771 2885 824 2947 IX.
841 2885 1010 2964 tribuitur,
1032 2903 1126 2949 voces
1141 2904 1204 2949 non
1218 2891 1343 2950 tantum

122 2967 305 3047 intervalhs,
322 2968 380 3032 sed
396 2969 494 3033 etiam
508 2968 634 3049 punctis
650 2969 882 3050 disjunguntur.
901 3039 903 3044 ,
920 2969 1018 3034 Plena
1032 2987 1108 3033 vero
1123 2988 1236 3034 vocum
1252 2989 1344 3051 sepa-

123 3054 204 3118 ratio
223 3071 294 3117 cum
310 3054 469 3135 scriptura
485 3055 610 3119 cursivo
626 3054 754 3118 demum
770 3060 819 3119 est
833 3055 1024 3119 introducta.

207 3137 301 3214 Quod
322 3140 439 3204 attinet
462 3139 681 3202 sententiarum
710 3141 935 3223 emanationem
964 3159 1022 3205 seu
1046 3140 1344 3221 interpunctionem,

124 3225 223 3288 etiam
236 3223 315 3290 haec
330 3226 417 3306 apud
432 3225 580 3305 antiquos
597 3225 723 3290 diversa
739 3230 817 3290 erat.
840 3226 892 3290 Sic
903 3245 931 3290 u
944 3246 973 3307 g.
986 3245 1010 3290 s,
1022 3226 1183 3307 Irenaeus,
1201 3226 1345 3291 Clemens

124 3310 223 3389 Alex,
240 3310 325 3392 Orig.
342 3317 375 3375 et
390 3330 414 3375 s.
429 3311 624 3376 Athanasius
640 3311 689 3376 Jo.
704 3313 731 3391 1,
744 3313 773 3377 3.
786 3318 860 3393 post
876 3313 974 3376 verba
985 3308 1062 3380 οὐδὲ
1078 3311 1111 3378 ἕν
1123 3312 1344 3391 distinxerunt,

126 3391 187 3462 eth
205 3395 332 3480 γέγονεν
348 3415 419 3460 cum
435 3397 642 3478 sequentibus
657 3395 743 3476 (cum
754 3417 782 3461 v.
794 3399 838 3480 4.)
855 3399 1092 3479 conjunxerunt,
1109 3417 1204 3480 quam
1216 3398 1346 3462 distinc-

125 3482 244 3546 tionem
259 3500 283 3546 s.
295 3482 494 3563 Epiphanius
506 3483 744 3563 blasphemiam,
761 3488 794 3547 et
806 3502 829 3546 s
843 3483 1088 3564 Chrysostomus
1099 3484 1245 3548 haeresin
1257 3482 1345 3546 dixit.

128 3567 278 3643 Quamvis
293 3587 368 3632 vero
383 3568 416 3632 in
431 3568 621 3648 quibusdam
635 3567 713 3633 loeis
727 3568 822 3649 hujus
836 3568 961 3633 illiusve
976 3570 1093 3634 codicis
1106 3570 1199 3650 juxta
1214 3569 1347 3633 Patrum

127 3652 252 3734 legendi
266 3653 422 3718 rationem
437 3654 643 3719 electoribus
658 3653 708 3718 vel
722 3652 861 3718 librariis
876 3654 1089 3734 interpunctio
1105 3659 1192 3719 esset
1201 3653 1296 3733 lacta,
1311 3659 1348 3718 ut
1421 3719 1423 3724 ,

128 3757 156 3800 v.
172 3757 202 3818 g.
223 3737 255 3801 in
279 3739 347 3803 cod.
369 3738 582 3803 Alexandrino
605 3745 638 3804 et
658 3737 912 3820 Cantabrigiensi
934 3741 976 3802 ad
996 3741 1045 3804 Jo.
1063 3740 1097 3820 1,
1122 3741 1151 3805 3.
1175 3741 1349 3806 secundum

128 3823 253 3904 legendi
274 3825 536 3890 consuetudinem
557 3824 690 3888 Patrum
712 3824 996 3889 Alexandrinorum
1018 3831 1092 3905 post
1114 3843 1224 3891 voces:
1248 3826 1350 3914 χωρὶς

130 3907 230 3975 αὐτοῦ
246 3909 373 3994 ἐγένετο
389 3906 466 3977 οὐδὲ
482 3909 515 3976 n
529 3915 682 3991 punctum
698 3915 747 3975 est
771 3910 927 3991 positum;
950 3913 1100 3976 continua
1123 3915 1230 3977 tamen
1250 3912 1348 3976 inter·

128 3995 257 4073 punctio
273 4014 314 4060 ne
329 4001 444 4076 quarto
459 3995 588 4076 quidem
604 4001 636 4060 et
651 3995 761 4076 quinto
777 3996 903 4061 saeculo
919 3995 1031 4077 adfuit,
1047 4002 1084 4061 ut
1101 4015 1157 4062 as.
1170 3996 1349 4078 Epiphanio

124 4079 156 4142 in
173 4097 274 4161 opere
290 4081 367 4169 περὶ
391 4080 517 4169 μέτρων
540 4081 595 4147 καὶ
620 4084 781 4166 σταθμῶν
806 4082 989 4162 edocemur,
1016 4083 1077 4147 etsi
1107 4083 1259 4148 ecclesiae
1287 4101 1350 4147 non

122 4161 308 4231 definissent
331 4166 530 4247 grammatici
553 4166 611 4230 tali
633 4166 736 4248 labori
757 4167 958 4246 suscipiendo
980 4186 1083 4248 pares.
1129 4167 1234 4232 Causa
1255 4167 1350 4248 hujus

127 4248 177 4314 rei
190 4251 256 4317 sita
272 4256 343 4317 erat
364 4252 398 4316 in
419 4251 563 4316 maximis
582 4249 928 4332 tum'difficultatihus,
955 4259 1023 4318 tum
1045 4253 1207 4334 pericuhS,
1234 4251 1350 4332 quibus

136 4335 290 4416 ejusmodi
311 4356 391 4418 opus
414 4341 483 4403 erat
503 4337 685 4416 obnoxium;
712 4357 784 4402 nam
803 4338 895 4403 facile
916 4337 987 4403 fieri
1011 4339 1185 4420 potuisset,
1217 4342 1254 4401 ut
1279 4337 1351 4417 quis

136 4421 368 4514 haereticorum
383 4423 547 4489 sententiis
562 4423 679 4489 invitus
693 4422 799 4488 lavere
812 4424 984 4491 videretur.
1011 4423 1227 4504 interpunctio
1242 4422 1352 4504 itaque

212 4644 219 4673 ¹
236 4642 289 4696 Cir.
302 4619 483 4696 Montlaucon.
496 4640 701 4709 palaeographia
713 4656 799 4709 graec.

194 4725 315 4780 enarrare,
328 4728 413 4769 Introd.
423 4729 448 4768 ln
456 4729 484 4768 N.
495 4729 522 4767 Τ.
532 4728 608 4768 libros.
1133 4726 1151 4780 4
