<?xml version="1.0" encoding="UTF-8"?>
<!DOCTYPE html PUBLIC "-//W3C//DTD XHTML 1.0 Transitional//EN"
    "http://www.w3.org/TR/xhtml1/DTD/xhtml1-transitional.dtd">
<html xmlns="http://www.w3.org/1999/xhtml" xml:lang="en" lang="en">
 <head>
  <title>
</title>
<meta http-equiv="Content-Type" content="text/html;charset=utf-8" />
  <meta name='ocr-system' content='tesseract 3.04.00' />
  <meta name='ocr-capabilities' content='ocr_page ocr_carea ocr_par ocr_line ocrx_word'/>
</head>
<body>
  <div class='ocr_page' id='page_1' title='image "./introductioinsa00gngoog_0123.png"; bbox 0 0 3314 5166; ppageno 0'>
   <div class='ocr_carea' id='block_1_1' title="bbox 810 329 1094 393">
    <p class='ocr_par' dir='ltr' id='par_1_1' title="bbox 810 329 1094 393">
     <span class='ocr_line' id='line_1_1' title="bbox 810 329 1094 393; baseline 0 -1"><span class='ocrx_word' id='word_1_1' title='bbox 810 329 1094 393; x_wconf 84' lang='lat'>—108--</span> 
     </span>
    </p>
   </div>
   <div class='ocr_carea' id='block_1_2' title="bbox 341 499 1555 1608">
    <p class='ocr_par' dir='ltr' id='par_1_2' title="bbox 342 499 1553 907">
     <span class='ocr_line' id='line_1_2' title="bbox 343 499 1552 581; baseline 0 -16"><span class='ocrx_word' id='word_1_2' title='bbox 343 500 436 580; x_wconf 85' lang='lat' dir='ltr'>golia,</span> <span class='ocrx_word' id='word_1_3' title='bbox 453 504 485 564; x_wconf 91' lang='lat' dir='ltr'>et</span> <span class='ocrx_word' id='word_1_4' title='bbox 500 518 581 564; x_wconf 93' lang='lat' dir='ltr'>anno</span> <span class='ocrx_word' id='word_1_5' title='bbox 598 500 688 564; x_wconf 76' lang='lat'><strong>1850.</strong></span> <span class='ocrx_word' id='word_1_6' title='bbox 705 500 848 579; x_wconf 89' lang='lat' dir='ltr'>alteram,</span> <span class='ocrx_word' id='word_1_7' title='bbox 865 519 947 580; x_wconf 91' lang='lat' dir='ltr'>qnae</span> <span class='ocrx_word' id='word_1_8' title='bbox 962 499 1102 580; x_wconf 88' lang='lat' dir='ltr'>reliquos</span> <span class='ocrx_word' id='word_1_9' title='bbox 1117 499 1155 563; x_wconf 89' lang='lat' dir='ltr'>N.</span> <span class='ocrx_word' id='word_1_10' title='bbox 1169 499 1204 562; x_wconf 90' lang='lat' dir='ltr'>T.</span> <span class='ocrx_word' id='word_1_11' title='bbox 1219 499 1318 564; x_wconf 88' lang='lat' dir='ltr'>libros</span> <span class='ocrx_word' id='word_1_12' title='bbox 1334 499 1552 581; x_wconf 79' lang='lat' dir='ltr'><strong>complectitur,</strong></span> 
     </span>
     <span class='ocr_line' id='line_1_3' title="bbox 342 583 1552 668; baseline 0.002 -21"><span class='ocrx_word' id='word_1_13' title='bbox 342 604 406 649; x_wconf 89' lang='lat' dir='ltr'>una</span> <span class='ocrx_word' id='word_1_14' title='bbox 426 603 498 649; x_wconf 91' lang='lat' dir='ltr'>cum</span> <span class='ocrx_word' id='word_1_15' title='bbox 517 585 662 650; x_wconf 81' lang='lat' dir='ltr'>versione</span> <span class='ocrx_word' id='word_1_16' title='bbox 682 586 823 667; x_wconf 79' lang='lat' dir='ltr'>Vulgata</span> <span class='ocrx_word' id='word_1_17' title='bbox 842 586 875 649; x_wconf 91' lang='lat' dir='ltr'>in</span> <span class='ocrx_word' id='word_1_18' title='bbox 895 586 1038 668; x_wconf 83' lang='lat' dir='ltr'><strong>margine</strong></span> <span class='ocrx_word' id='word_1_19' title='bbox 1059 583 1208 650; x_wconf 89' lang='lat' dir='ltr'>inferiore</span> <span class='ocrx_word' id='word_1_20' title='bbox 1228 603 1266 649; x_wconf 82' lang='lat' dir='ltr'>ex</span> <span class='ocrx_word' id='word_1_21' title='bbox 1289 585 1430 666; x_wconf 84' lang='lat' dir='ltr'><strong>antiquis</strong></span> <span class='ocrx_word' id='word_1_22' title='bbox 1454 605 1552 652; x_wconf 89' lang='lat' dir='ltr'>manu-</span> 
     </span>
     <span class='ocr_line' id='line_1_4' title="bbox 343 669 1553 752; baseline 0.002 -18"><span class='ocrx_word' id='word_1_23' title='bbox 343 669 471 750; x_wconf 83' lang='lat' dir='ltr'>scriptis</span> <span class='ocrx_word' id='word_1_24' title='bbox 486 670 618 748; x_wconf 80' lang='lat' dir='ltr'>haustd;</span> <span class='ocrx_word' id='word_1_25' title='bbox 634 671 717 736; x_wconf 91' lang='lat' dir='ltr'>inter</span> <span class='ocrx_word' id='word_1_26' title='bbox 731 677 903 752; x_wconf 92' lang='lat' dir='ltr'>utrumque</span> <span class='ocrx_word' id='word_1_27' title='bbox 918 677 1040 736; x_wconf 83' lang='lat' dir='ltr'>textum</span> <span class='ocrx_word' id='word_1_28' title='bbox 1056 670 1221 752; x_wconf 84' lang='lat' dir='ltr'>(graecum</span> <span class='ocrx_word' id='word_1_29' title='bbox 1234 677 1266 735; x_wconf 90' lang='lat' dir='ltr'>et</span> <span class='ocrx_word' id='word_1_30' title='bbox 1278 670 1426 752; x_wconf 82' lang='lat' dir='ltr'>latinum)</span> <span class='ocrx_word' id='word_1_31' title='bbox 1441 672 1553 752; x_wconf 87' lang='lat' dir='ltr'>positus</span> 
     </span>
     <span class='ocr_line' id='line_1_5' title="bbox 343 755 1553 838; baseline 0.002 -18"><span class='ocrx_word' id='word_1_32' title='bbox 343 759 396 820; x_wconf 86' lang='lat' dir='ltr'>est</span> <span class='ocrx_word' id='word_1_33' title='bbox 407 763 582 836; x_wconf 90' lang='lat' dir='ltr'>apparatus</span> <span class='ocrx_word' id='word_1_34' title='bbox 597 756 726 822; x_wconf 87' lang='lat' dir='ltr'>criticus</span> <span class='ocrx_word' id='word_1_35' title='bbox 742 776 761 821; x_wconf 91' lang='lat' dir='ltr'>a</span> <span class='ocrx_word' id='word_1_36' title='bbox 775 757 937 821; x_wconf 89' lang='lat' dir='ltr'>Tittmann</span> <span class='ocrx_word' id='word_1_37' title='bbox 953 758 1135 838; x_wconf 80' lang='lat' dir='ltr'>adaptatae,</span> <span class='ocrx_word' id='word_1_38' title='bbox 1151 757 1183 821; x_wconf 91' lang='lat' dir='ltr'>in</span> <span class='ocrx_word' id='word_1_39' title='bbox 1199 775 1262 836; x_wconf 94' lang='lat' dir='ltr'>quo</span> <span class='ocrx_word' id='word_1_40' title='bbox 1277 755 1430 821; x_wconf 90' lang='lat' dir='ltr'>lectiones</span> <span class='ocrx_word' id='word_1_41' title='bbox 1441 758 1553 822; x_wconf 91' lang='lat' dir='ltr'>varian-</span> 
     </span>
     <span class='ocr_line' id='line_1_6' title="bbox 343 840 1045 907; baseline 0.003 -3"><span class='ocrx_word' id='word_1_42' title='bbox 343 845 392 906; x_wconf 88' lang='lat' dir='ltr'>tes</span> <span class='ocrx_word' id='word_1_43' title='bbox 407 858 471 905; x_wconf 93' lang='lat' dir='ltr'>una</span> <span class='ocrx_word' id='word_1_44' title='bbox 487 859 557 905; x_wconf 93' lang='lat' dir='ltr'>cum</span> <span class='ocrx_word' id='word_1_45' title='bbox 572 840 713 906; x_wconf 88' lang='lat' dir='ltr'>fontibus</span> <span class='ocrx_word' id='word_1_46' title='bbox 729 842 795 906; x_wconf 88' lang='lat' dir='ltr'>suis</span> <span class='ocrx_word' id='word_1_47' title='bbox 811 848 1045 907; x_wconf 80' lang='lat' dir='ltr'><strong>enumerantur.</strong></span> 
     </span>
    </p>

    <p class='ocr_par' dir='ltr' id='par_1_3' title="bbox 341 926 1555 1608">
     <span class='ocr_line' id='line_1_7' title="bbox 428 926 1554 1009; baseline 0.004 -21"><span class='ocrx_word' id='word_1_48' title='bbox 428 927 455 990; x_wconf 81' lang='grc'>1.</span> <span class='ocrx_word' id='word_1_49' title='bbox 488 926 710 990; x_wconf 68' lang='lat' dir='ltr'>Constantinus</span> <span class='ocrx_word' id='word_1_50' title='bbox 727 927 989 1009; x_wconf 73' lang='lat' dir='ltr'>Tischeadorfde</span> <span class='ocrx_word' id='word_1_51' title='bbox 1004 947 1039 993; x_wconf 92' lang='lat' dir='ltr'>re</span> <span class='ocrx_word' id='word_1_52' title='bbox 1055 927 1165 992; x_wconf 89' lang='lat' dir='ltr'>critica</span> <span class='ocrx_word' id='word_1_53' title='bbox 1178 926 1388 1008; x_wconf 89' lang='lat' dir='ltr'>praecipuum</span> <span class='ocrx_word' id='word_1_54' title='bbox 1400 927 1461 991; x_wconf 91' lang='lat' dir='ltr'>sibi</span> <span class='ocrx_word' id='word_1_55' title='bbox 1471 929 1554 992; x_wconf 90' lang='lat' dir='ltr'>meri·</span> 
     </span>
     <span class='ocr_line' id='line_1_8' title="bbox 342 1012 1555 1094; baseline 0.003 -20"><span class='ocrx_word' id='word_1_56' title='bbox 342 1015 410 1075; x_wconf 94' lang='lat' dir='ltr'>tum</span> <span class='ocrx_word' id='word_1_57' title='bbox 425 1012 551 1092; x_wconf 89' lang='lat' dir='ltr'>paravit</span> <span class='ocrx_word' id='word_1_58' title='bbox 567 1013 689 1078; x_wconf 92' lang='lat' dir='ltr'>edendo</span> <span class='ocrx_word' id='word_1_59' title='bbox 705 1013 837 1094; x_wconf 90' lang='lat' dir='ltr'>antiqua</span> <span class='ocrx_word' id='word_1_60' title='bbox 852 1019 1056 1078; x_wconf 90' lang='lat' dir='ltr'>monumenta</span> <span class='ocrx_word' id='word_1_61' title='bbox 1071 1013 1109 1078; x_wconf 90' lang='lat' dir='ltr'>N.</span> <span class='ocrx_word' id='word_1_62' title='bbox 1125 1013 1160 1076; x_wconf 89' lang='lat' dir='ltr'>T.</span> <span class='ocrx_word' id='word_1_63' title='bbox 1176 1031 1292 1094; x_wconf 86' lang='lat' dir='ltr'>graeca</span> <span class='ocrx_word' id='word_1_64' title='bbox 1309 1018 1341 1077; x_wconf 91' lang='lat' dir='ltr'>et</span> <span class='ocrx_word' id='word_1_65' title='bbox 1355 1012 1456 1076; x_wconf 88' lang='lat' dir='ltr'>latina</span> <span class='ocrx_word' id='word_1_66' title='bbox 1472 1013 1555 1078; x_wconf 91' lang='lat' dir='ltr'>valde</span> 
     </span>
     <span class='ocr_line' id='line_1_9' title="bbox 341 1097 1555 1180; baseline 0.002 -20"><span class='ocrx_word' id='word_1_67' title='bbox 341 1097 498 1178; x_wconf 91' lang='lat' dir='ltr'>pretiosa,</span> <span class='ocrx_word' id='word_1_68' title='bbox 521 1117 604 1178; x_wconf 92' lang='lat' dir='ltr'>quae</span> <span class='ocrx_word' id='word_1_69' title='bbox 618 1099 651 1162; x_wconf 94' lang='lat' dir='ltr'>in</span> <span class='ocrx_word' id='word_1_70' title='bbox 664 1098 833 1163; x_wconf 80' lang='lat' dir='ltr'>itineribus</span> <span class='ocrx_word' id='word_1_71' title='bbox 849 1099 915 1163; x_wconf 91' lang='lat' dir='ltr'>suis</span> <span class='ocrx_word' id='word_1_72' title='bbox 930 1119 988 1180; x_wconf 92' lang='lat' dir='ltr'>per</span> <span class='ocrx_word' id='word_1_73' title='bbox 1002 1099 1166 1180; x_wconf 84' lang='lat' dir='ltr'><strong>Europam</strong></span> <span class='ocrx_word' id='word_1_74' title='bbox 1182 1104 1214 1163; x_wconf 91' lang='lat' dir='ltr'>et</span> <span class='ocrx_word' id='word_1_75' title='bbox 1228 1117 1286 1178; x_wconf 93' lang='lat' dir='ltr'>per</span> <span class='ocrx_word' id='word_1_76' title='bbox 1302 1098 1465 1163; x_wconf 85' lang='lat' dir='ltr'>Orientem</span> <span class='ocrx_word' id='word_1_77' title='bbox 1479 1099 1555 1163; x_wconf 92' lang='lat' dir='ltr'>inve·</span> 
     </span>
     <span class='ocr_line' id='line_1_10' title="bbox 342 1184 1554 1262; baseline 0.001 -16"><span class='ocrx_word' id='word_1_78' title='bbox 342 1188 447 1262; x_wconf 87' lang='lat' dir='ltr'>nerat,</span> <span class='ocrx_word' id='word_1_79' title='bbox 475 1190 507 1247; x_wconf 90' lang='lat' dir='ltr'>et</span> <span class='ocrx_word' id='word_1_80' title='bbox 529 1184 570 1248; x_wconf 93' lang='lat' dir='ltr'>de</span> <span class='ocrx_word' id='word_1_81' title='bbox 591 1185 784 1249; x_wconf 88' lang='lat' dir='ltr'>recensendo</span> <span class='ocrx_word' id='word_1_82' title='bbox 805 1189 896 1248; x_wconf 86' lang='lat' dir='ltr'>textu</span> <span class='ocrx_word' id='word_1_83' title='bbox 918 1203 1008 1249; x_wconf 92' lang='lat' dir='ltr'>sacro</span> <span class='ocrx_word' id='word_1_84' title='bbox 1029 1185 1210 1248; x_wconf 85' lang='lat' dir='ltr'><strong>adhucdum</strong></span> <span class='ocrx_word' id='word_1_85' title='bbox 1226 1184 1306 1248; x_wconf 90' lang='lat' dir='ltr'>bene</span> <span class='ocrx_word' id='word_1_86' title='bbox 1321 1191 1471 1248; x_wconf 90' lang='lat' dir='ltr'>meretur.</span> <span class='ocrx_word' id='word_1_87' title='bbox 1512 1185 1554 1247; x_wconf 85' lang='lat' dir='ltr'>Ab</span> 
     </span>
     <span class='ocr_line' id='line_1_11' title="bbox 342 1269 1555 1350; baseline 0.001 -19"><span class='ocrx_word' id='word_1_88' title='bbox 342 1287 423 1332; x_wconf 88' lang='lat' dir='ltr'>anno</span> <span class='ocrx_word' id='word_1_89' title='bbox 441 1269 532 1332; x_wconf 76' lang='grc'><strong>1841.</strong></span> <span class='ocrx_word' id='word_1_90' title='bbox 550 1269 650 1333; x_wconf 91' lang='lat' dir='ltr'>edidit</span> <span class='ocrx_word' id='word_1_91' title='bbox 666 1274 788 1334; x_wconf 90' lang='lat' dir='ltr'>textum</span> <span class='ocrx_word' id='word_1_92' title='bbox 803 1288 969 1335; x_wconf 80' lang='lat' dir='ltr'>recensum</span> <span class='ocrx_word' id='word_1_93' title='bbox 985 1289 1057 1334; x_wconf 93' lang='lat' dir='ltr'>cum</span> <span class='ocrx_word' id='word_1_94' title='bbox 1071 1269 1217 1335; x_wconf 92' lang='lat' dir='ltr'>breviore</span> <span class='ocrx_word' id='word_1_95' title='bbox 1232 1275 1392 1350; x_wconf 88' lang='lat' dir='ltr'>apparatu</span> <span class='ocrx_word' id='word_1_96' title='bbox 1408 1269 1514 1334; x_wconf 92' lang='lat' dir='ltr'>critico</span> <span class='ocrx_word' id='word_1_97' title='bbox 1528 1276 1555 1332; x_wconf 90' lang='lat' dir='ltr'>et</span> 
     </span>
     <span class='ocr_line' id='line_1_12' title="bbox 341 1354 1555 1437; baseline 0 -20"><span class='ocrx_word' id='word_1_98' title='bbox 341 1354 527 1434; x_wconf 85' lang='lat' dir='ltr'>praemissis</span> <span class='ocrx_word' id='word_1_99' title='bbox 542 1354 774 1435; x_wconf 85' lang='lat' dir='ltr'>prolegomenis</span> <span class='ocrx_word' id='word_1_100' title='bbox 790 1356 918 1436; x_wconf 92' lang='lat' dir='ltr'>saepius</span> <span class='ocrx_word' id='word_1_101' title='bbox 933 1356 1022 1437; x_wconf 93' lang='lat' dir='ltr'>prelo</span> <span class='ocrx_word' id='word_1_102' title='bbox 1038 1356 1240 1420; x_wconf 88' lang='lat' dir='ltr'>submissum.</span> <span class='ocrx_word' id='word_1_103' title='bbox 1263 1355 1342 1436; x_wconf 86' lang='lat' dir='ltr'>Ejus</span> <span class='ocrx_word' id='word_1_104' title='bbox 1358 1375 1420 1419; x_wconf 92' lang='lat' dir='ltr'>non</span> <span class='ocrx_word' id='word_1_105' title='bbox 1432 1355 1555 1419; x_wconf 89' lang='lat' dir='ltr'>interest</span> 
     </span>
     <span class='ocr_line' id='line_1_13' title="bbox 342 1439 1555 1521; baseline 0 -19"><span class='ocrx_word' id='word_1_106' title='bbox 342 1439 614 1520; x_wconf 88' lang='lat' dir='ltr'>antiquissimum,</span> <span class='ocrx_word' id='word_1_107' title='bbox 631 1441 688 1504; x_wconf 89' lang='lat' dir='ltr'>sed</span> <span class='ocrx_word' id='word_1_108' title='bbox 704 1441 910 1521; x_wconf 85' lang='lat' dir='ltr'>originarium</span> <span class='ocrx_word' id='word_1_109' title='bbox 926 1442 1096 1506; x_wconf 89' lang='lat' dir='ltr'>restituere</span> <span class='ocrx_word' id='word_1_110' title='bbox 1111 1446 1242 1506; x_wconf 84' lang='lat' dir='ltr'>textum.</span> <span class='ocrx_word' id='word_1_111' title='bbox 1286 1440 1337 1503; x_wconf 84' lang='lat' dir='ltr'>Ad</span> <span class='ocrx_word' id='word_1_112' title='bbox 1352 1439 1413 1505; x_wconf 93' lang='lat' dir='ltr'>hoc</span> <span class='ocrx_word' id='word_1_113' title='bbox 1429 1439 1555 1504; x_wconf 85' lang='lat' dir='ltr'>efficien-</span> 
     </span>
     <span class='ocr_line' id='line_1_14' title="bbox 342 1525 1555 1608; baseline 0 -20"><span class='ocrx_word' id='word_1_114' title='bbox 342 1525 419 1588; x_wconf 94' lang='lat' dir='ltr'>dum</span> <span class='ocrx_word' id='word_1_115' title='bbox 433 1525 465 1589; x_wconf 95' lang='lat' dir='ltr'>in</span> <span class='ocrx_word' id='word_1_116' title='bbox 481 1544 518 1590; x_wconf 92' lang='lat' dir='ltr'>eo</span> <span class='ocrx_word' id='word_1_117' title='bbox 534 1525 690 1590; x_wconf 92' lang='lat' dir='ltr'>consentit</span> <span class='ocrx_word' id='word_1_118' title='bbox 706 1540 777 1590; x_wconf 92' lang='lat' dir='ltr'>cum</span> <span class='ocrx_word' id='word_1_119' title='bbox 791 1527 981 1606; x_wconf 83' lang='lat' dir='ltr'>Lachmann,</span> <span class='ocrx_word' id='word_1_120' title='bbox 997 1528 1083 1608; x_wconf 93' lang='lat' dir='ltr'>quod</span> <span class='ocrx_word' id='word_1_121' title='bbox 1098 1546 1160 1591; x_wconf 93' lang='lat' dir='ltr'>non</span> <span class='ocrx_word' id='word_1_122' title='bbox 1177 1531 1300 1591; x_wconf 86' lang='lat' dir='ltr'>textum</span> <span class='ocrx_word' id='word_1_123' title='bbox 1319 1531 1491 1606; x_wconf 89' lang='lat' dir='ltr'>receptum,</span> <span class='ocrx_word' id='word_1_124' title='bbox 1506 1525 1555 1589; x_wconf 91' lang='lat' dir='ltr'>sed</span> 
     </span>
    </p>
   </div>
   <div class='ocr_carea' id='block_1_3' title="bbox 236 1610 1554 1693">
    <p class='ocr_par' dir='ltr' id='par_1_4' title="bbox 236 1610 1554 1693">
     <span class='ocr_line' id='line_1_15' title="bbox 236 1610 1554 1693; baseline -0.001 -20"><span class='ocrx_word' id='word_1_125' title='bbox 236 1631 239 1639; x_wconf 66' lang='grc'>’</span> <span class='ocrx_word' id='word_1_126' title='bbox 342 1610 580 1690; x_wconf 89' lang='lat' dir='ltr'>antiquissimos</span> <span class='ocrx_word' id='word_1_127' title='bbox 594 1615 696 1676; x_wconf 89' lang='lat' dir='ltr'>testes</span> <span class='ocrx_word' id='word_1_128' title='bbox 710 1611 950 1677; x_wconf 88' lang='lat' dir='ltr'>fundamentum</span> <span class='ocrx_word' id='word_1_129' title='bbox 965 1613 1070 1693; x_wconf 91' lang='lat' dir='ltr'>ponit,</span> <span class='ocrx_word' id='word_1_130' title='bbox 1085 1612 1326 1677; x_wconf 83' lang='lat' dir='ltr'>fundamentum</span> <span class='ocrx_word' id='word_1_131' title='bbox 1342 1619 1451 1676; x_wconf 88' lang='lat' dir='ltr'>autem</span> <span class='ocrx_word' id='word_1_132' title='bbox 1466 1610 1554 1674; x_wconf 91' lang='lat' dir='ltr'>multo</span> 
     </span>
    </p>
   </div>
   <div class='ocr_carea' id='block_1_4' title="bbox 340 1695 1554 3831">
    <p class='ocr_par' dir='ltr' id='par_1_5' title="bbox 340 1695 1554 2888">
     <span class='ocr_line' id='line_1_16' title="bbox 342 1695 1554 1779; baseline 0.001 -21"><span class='ocrx_word' id='word_1_133' title='bbox 342 1696 487 1776; x_wconf 93' lang='lat' dir='ltr'>amplius,</span> <span class='ocrx_word' id='word_1_134' title='bbox 504 1715 600 1777; x_wconf 90' lang='lat' dir='ltr'>quam</span> <span class='ocrx_word' id='word_1_135' title='bbox 614 1697 676 1762; x_wconf 92' lang='lat' dir='ltr'>ille.</span> <span class='ocrx_word' id='word_1_136' title='bbox 720 1699 808 1762; x_wconf 89' lang='lat' dir='ltr'>Inter</span> <span class='ocrx_word' id='word_1_137' title='bbox 823 1703 922 1763; x_wconf 87' lang='lat' dir='ltr'>testes</span> <span class='ocrx_word' id='word_1_138' title='bbox 938 1699 1065 1762; x_wconf 90' lang='lat' dir='ltr'>criticos</span> <span class='ocrx_word' id='word_1_139' title='bbox 1080 1699 1218 1779; x_wconf 91' lang='lat' dir='ltr'>primum</span> <span class='ocrx_word' id='word_1_140' title='bbox 1233 1697 1337 1762; x_wconf 96' lang='lat' dir='ltr'>locum</span> <span class='ocrx_word' id='word_1_141' title='bbox 1352 1697 1468 1761; x_wconf 89' lang='lat' dir='ltr'>tribuit</span> <span class='ocrx_word' id='word_1_142' title='bbox 1480 1695 1554 1760; x_wconf 91' lang='lat' dir='ltr'>codi-</span> 
     </span>
     <span class='ocr_line' id='line_1_17' title="bbox 342 1780 1554 1865; baseline -0.001 -20"><span class='ocrx_word' id='word_1_143' title='bbox 342 1780 431 1845; x_wconf 90' lang='lat' dir='ltr'>cibus</span> <span class='ocrx_word' id='word_1_144' title='bbox 446 1782 520 1846; x_wconf 91' lang='lat' dir='ltr'>inde</span> <span class='ocrx_word' id='word_1_145' title='bbox 535 1802 555 1846; x_wconf 92' lang='lat' dir='ltr'>a</span> <span class='ocrx_word' id='word_1_146' title='bbox 570 1801 652 1847; x_wconf 90' lang='lat' dir='ltr'>saec.</span> <span class='ocrx_word' id='word_1_147' title='bbox 668 1784 721 1847; x_wconf 92' lang='lat' dir='ltr'>IV.</span> <span class='ocrx_word' id='word_1_148' title='bbox 736 1801 840 1864; x_wconf 90' lang='lat' dir='ltr'>usque</span> <span class='ocrx_word' id='word_1_149' title='bbox 855 1785 896 1848; x_wconf 93' lang='lat' dir='ltr'>ad</span> <span class='ocrx_word' id='word_1_150' title='bbox 912 1785 982 1863; x_wconf 90' lang='lat' dir='ltr'>IX.,</span> <span class='ocrx_word' id='word_1_151' title='bbox 1007 1788 1039 1849; x_wconf 92' lang='lat' dir='ltr'>et</span> <span class='ocrx_word' id='word_1_152' title='bbox 1054 1784 1141 1848; x_wconf 90' lang='lat' dir='ltr'>hisce</span> <span class='ocrx_word' id='word_1_153' title='bbox 1157 1803 1194 1848; x_wconf 94' lang='lat' dir='ltr'>eo</span> <span class='ocrx_word' id='word_1_154' title='bbox 1218 1784 1372 1865; x_wconf 89' lang='lat' dir='ltr'>maj0rem</span> <span class='ocrx_word' id='word_1_155' title='bbox 1393 1782 1554 1847; x_wconf 89' lang='lat' dir='ltr'>auctorita-</span> 
     </span>
     <span class='ocr_line' id='line_1_18' title="bbox 341 1868 1554 1950; baseline 0.001 -21"><span class='ocrx_word' id='word_1_156' title='bbox 341 1872 406 1931; x_wconf 90' lang='lat' dir='ltr'>tem</span> <span class='ocrx_word' id='word_1_157' title='bbox 427 1868 597 1947; x_wconf 90' lang='lat' dir='ltr'>adscribit,</span> <span class='ocrx_word' id='word_1_158' title='bbox 624 1887 687 1948; x_wconf 91' lang='lat' dir='ltr'>qno</span> <span class='ocrx_word' id='word_1_159' title='bbox 710 1875 784 1933; x_wconf 90' lang='lat' dir='ltr'>sunt</span> <span class='ocrx_word' id='word_1_160' title='bbox 810 1869 1022 1950; x_wconf 87' lang='lat' dir='ltr'>antiquiores,</span> <span class='ocrx_word' id='word_1_161' title='bbox 1050 1869 1126 1950; x_wconf 92' lang='lat' dir='ltr'>quin</span> <span class='ocrx_word' id='word_1_162' title='bbox 1152 1875 1259 1934; x_wconf 89' lang='lat' dir='ltr'>tamen</span> <span class='ocrx_word' id='word_1_163' title='bbox 1286 1868 1416 1933; x_wconf 89' lang='lat' dir='ltr'>criteria</span> <span class='ocrx_word' id='word_1_164' title='bbox 1441 1868 1554 1931; x_wconf 90' lang='lat' dir='ltr'>interna</span> 
     </span>
     <span class='ocr_line' id='line_1_19' title="bbox 341 1952 1554 2036; baseline -0.001 -20"><span class='ocrx_word' id='word_1_165' title='bbox 341 1952 557 2018; x_wconf 87' lang='lat' dir='ltr'>excludantur.</span> <span class='ocrx_word' id='word_1_166' title='bbox 594 1955 628 2019; x_wconf 85' lang='lat' dir='ltr'>si</span> <span class='ocrx_word' id='word_1_167' title='bbox 642 1955 805 2020; x_wconf 87' lang='lat' dir='ltr'>versiones</span> <span class='ocrx_word' id='word_1_168' title='bbox 820 1955 971 2036; x_wconf 87' lang='lat' dir='ltr'>antiquae</span> <span class='ocrx_word' id='word_1_169' title='bbox 987 1961 1018 2019; x_wconf 92' lang='lat' dir='ltr'>et</span> <span class='ocrx_word' id='word_1_170' title='bbox 1033 1955 1167 2019; x_wconf 92' lang='lat' dir='ltr'>Patrum</span> <span class='ocrx_word' id='word_1_171' title='bbox 1182 1955 1281 2019; x_wconf 88' lang='lat' dir='ltr'>citata</span> <span class='ocrx_word' id='word_1_172' title='bbox 1297 1954 1443 2018; x_wconf 91' lang='lat' dir='ltr'>codicum</span> <span class='ocrx_word' id='word_1_173' title='bbox 1457 1952 1554 2017; x_wconf 91' lang='lat' dir='ltr'>lectio·</span> 
     </span>
     <span class='ocr_line' id='line_1_20' title="bbox 340 2037 1553 2120; baseline -0.002 -20"><span class='ocrx_word' id='word_1_174' title='bbox 340 2037 435 2101; x_wconf 88' lang='lat' dir='ltr'>nibus</span> <span class='ocrx_word' id='word_1_175' title='bbox 450 2039 605 2119; x_wconf 90' lang='lat' dir='ltr'>praebent</span> <span class='ocrx_word' id='word_1_176' title='bbox 620 2058 795 2120; x_wconf 89' lang='lat' dir='ltr'>assensum,</span> <span class='ocrx_word' id='word_1_177' title='bbox 810 2042 924 2104; x_wconf 90' lang='lat' dir='ltr'>harum</span> <span class='ocrx_word' id='word_1_178' title='bbox 937 2040 1162 2105; x_wconf 87' lang='lat' dir='ltr'>auctoritatem</span> <span class='ocrx_word' id='word_1_179' title='bbox 1175 2038 1370 2105; x_wconf 91' lang='lat' dir='ltr'>confirmant.</span> <span class='ocrx_word' id='word_1_180' title='bbox 1397 2037 1553 2103; x_wconf 85' lang='lat' dir='ltr'>Codicibus</span> 
     </span>
     <span class='ocr_line' id='line_1_21' title="bbox 341 2124 1553 2207; baseline -0.002 -21"><span class='ocrx_word' id='word_1_181' title='bbox 341 2124 571 2188; x_wconf 89' lang='lat' dir='ltr'>recentioribus</span> <span class='ocrx_word' id='word_1_182' title='bbox 590 2125 665 2189; x_wconf 90' lang='lat' dir='ltr'>inde</span> <span class='ocrx_word' id='word_1_183' title='bbox 680 2145 700 2190; x_wconf 90' lang='lat' dir='ltr'>a</span> <span class='ocrx_word' id='word_1_184' title='bbox 716 2144 797 2191; x_wconf 89' lang='lat' dir='ltr'>saec.</span> <span class='ocrx_word' id='word_1_185' title='bbox 813 2126 867 2190; x_wconf 89' lang='lat' dir='ltr'>IX.</span> <span class='ocrx_word' id='word_1_186' title='bbox 884 2126 1012 2207; x_wconf 90' lang='lat' dir='ltr'>scriptis</span> <span class='ocrx_word' id='word_1_187' title='bbox 1026 2126 1128 2191; x_wconf 91' lang='lat' dir='ltr'>levius</span> <span class='ocrx_word' id='word_1_188' title='bbox 1143 2125 1346 2207; x_wconf 90' lang='lat' dir='ltr'>adjudicatur</span> <span class='ocrx_word' id='word_1_189' title='bbox 1361 2129 1553 2199; x_wconf 90' lang='lat' dir='ltr'>momentum,</span> 
     </span>
     <span class='ocr_line' id='line_1_22' title="bbox 342 2207 1553 2292; baseline -0.002 -20"><span class='ocrx_word' id='word_1_190' title='bbox 342 2214 374 2272; x_wconf 90' lang='lat' dir='ltr'>et</span> <span class='ocrx_word' id='word_1_191' title='bbox 389 2209 444 2273; x_wconf 91' lang='lat' dir='ltr'>ubi</span> <span class='ocrx_word' id='word_1_192' title='bbox 459 2210 640 2290; x_wconf 89' lang='lat' dir='ltr'>antiquiora</span> <span class='ocrx_word' id='word_1_193' title='bbox 655 2216 858 2275; x_wconf 90' lang='lat' dir='ltr'>monumenta</span> <span class='ocrx_word' id='word_1_194' title='bbox 870 2212 1071 2291; x_wconf 85' lang='lat' dir='ltr'>concordant,</span> <span class='ocrx_word' id='word_1_195' title='bbox 1086 2211 1132 2288; x_wconf 87' lang='lat' dir='ltr'>illi</span> <span class='ocrx_word' id='word_1_196' title='bbox 1143 2211 1237 2292; x_wconf 91' lang='lat' dir='ltr'>plane</span> <span class='ocrx_word' id='word_1_197' title='bbox 1248 2210 1463 2292; x_wconf 83' lang='lat' dir='ltr'>negliguntur.</span> <span class='ocrx_word' id='word_1_198' title='bbox 1486 2207 1553 2272; x_wconf 80' lang='lat' dir='ltr'>Cum</span> 
     </span>
     <span class='ocr_line' id='line_1_23' title="bbox 341 2293 1552 2377; baseline 0 -21"><span class='ocrx_word' id='word_1_199' title='bbox 341 2293 552 2359; x_wconf 72' lang='lat' dir='ltr'>Tischendon‘</span> <span class='ocrx_word' id='word_1_200' title='bbox 562 2295 669 2359; x_wconf 91' lang='lat' dir='ltr'>latiori</span> <span class='ocrx_word' id='word_1_201' title='bbox 683 2296 839 2360; x_wconf 89' lang='lat' dir='ltr'>innitatur</span> <span class='ocrx_word' id='word_1_202' title='bbox 853 2297 924 2360; x_wconf 93' lang='lat' dir='ltr'>basi</span> <span class='ocrx_word' id='word_1_203' title='bbox 939 2302 972 2362; x_wconf 91' lang='lat' dir='ltr'>et</span> <span class='ocrx_word' id='word_1_204' title='bbox 983 2297 1054 2361; x_wconf 94' lang='lat' dir='ltr'>aliis</span> <span class='ocrx_word' id='word_1_205' title='bbox 1065 2302 1177 2361; x_wconf 91' lang='lat' dir='ltr'>utatur</span> <span class='ocrx_word' id='word_1_206' title='bbox 1187 2295 1360 2377; x_wconf 89' lang='lat' dir='ltr'>principiis,</span> <span class='ocrx_word' id='word_1_207' title='bbox 1377 2300 1484 2360; x_wconf 86' lang='lat' dir='ltr'>textus</span> <span class='ocrx_word' id='word_1_208' title='bbox 1495 2294 1552 2374; x_wconf 88' lang='lat' dir='ltr'>ejus</span> 
     </span>
     <span class='ocr_line' id='line_1_24' title="bbox 342 2381 1552 2460; baseline 0 -18"><span class='ocrx_word' id='word_1_209' title='bbox 342 2398 405 2442; x_wconf 94' lang='lat' dir='ltr'>non</span> <span class='ocrx_word' id='word_1_210' title='bbox 420 2384 528 2460; x_wconf 87' lang='lat' dir='ltr'>potest</span> <span class='ocrx_word' id='word_1_211' title='bbox 542 2400 604 2445; x_wconf 90' lang='lat' dir='ltr'>non</span> <span class='ocrx_word' id='word_1_212' title='bbox 620 2399 690 2446; x_wconf 91' lang='lat' dir='ltr'>esse</span> <span class='ocrx_word' id='word_1_213' title='bbox 705 2381 850 2446; x_wconf 91' lang='lat' dir='ltr'>diversus</span> <span class='ocrx_word' id='word_1_214' title='bbox 866 2381 906 2446; x_wconf 89' lang='lat' dir='ltr'>ab</span> <span class='ocrx_word' id='word_1_215' title='bbox 921 2382 975 2447; x_wconf 94' lang='lat' dir='ltr'>illo</span> <span class='ocrx_word' id='word_1_216' title='bbox 990 2383 1193 2447; x_wconf 88' lang='lat' dir='ltr'>Lachmanni.</span> <span class='ocrx_word' id='word_1_217' title='bbox 1229 2381 1443 2446; x_wconf 91' lang='lat' dir='ltr'>Nihilominus</span> <span class='ocrx_word' id='word_1_218' title='bbox 1458 2389 1552 2444; x_wconf 87' lang='lat' dir='ltr'>tamen</span> 
     </span>
     <span class='ocr_line' id='line_1_25' title="bbox 343 2463 1551 2548; baseline -0.001 -21"><span class='ocrx_word' id='word_1_219' title='bbox 343 2463 553 2530; x_wconf 85' lang='lat' dir='ltr'>Tischendorf</span> <span class='ocrx_word' id='word_1_220' title='bbox 571 2466 639 2531; x_wconf 90' lang='lat' dir='ltr'>viro</span> <span class='ocrx_word' id='word_1_221' title='bbox 662 2466 787 2531; x_wconf 90' lang='lat' dir='ltr'>erudito</span> <span class='ocrx_word' id='word_1_222' title='bbox 808 2467 828 2530; x_wconf 85' lang='lat' dir='ltr'>J</span> <span class='ocrx_word' id='word_1_223' title='bbox 830 2487 907 2548; x_wconf 85' lang='lat' dir='ltr'>ager</span> <span class='ocrx_word' id='word_1_224' title='bbox 929 2468 961 2532; x_wconf 92' lang='lat' dir='ltr'>in</span> <span class='ocrx_word' id='word_1_225' title='bbox 984 2467 1149 2533; x_wconf 90' lang='lat' dir='ltr'>consilium</span> <span class='ocrx_word' id='word_1_226' title='bbox 1170 2467 1314 2532; x_wconf 90' lang='lat' dir='ltr'>adhibito</span> <span class='ocrx_word' id='word_1_227' title='bbox 1329 2466 1463 2532; x_wconf 88' lang='lat' dir='ltr'>Parisiis</span> <span class='ocrx_word' id='word_1_228' title='bbox 1482 2481 1551 2528; x_wconf 89' lang='lat' dir='ltr'>anno</span> 
     </span>
     <span class='ocr_line' id='line_1_26' title="bbox 344 2548 1552 2633; baseline 0.001 -21"><span class='ocrx_word' id='word_1_229' title='bbox 344 2549 435 2613; x_wconf 79' lang='lat'><strong>1842.</strong></span> <span class='ocrx_word' id='word_1_230' title='bbox 452 2569 470 2614; x_wconf 94' lang='lat' dir='ltr'>e</span> <span class='ocrx_word' id='word_1_231' title='bbox 484 2548 624 2615; x_wconf 88' lang='lat' dir='ltr'>fontibus</span> <span class='ocrx_word' id='word_1_232' title='bbox 640 2552 763 2633; x_wconf 85' lang='lat' dir='ltr'>graecis</span> <span class='ocrx_word' id='word_1_233' title='bbox 779 2557 901 2617; x_wconf 87' lang='lat' dir='ltr'>textum</span> <span class='ocrx_word' id='word_1_234' title='bbox 916 2553 1017 2618; x_wconf 86' lang='lat' dir='ltr'>edidit</span> <span class='ocrx_word' id='word_1_235' title='bbox 1031 2553 1077 2618; x_wconf 93' lang='lat' dir='ltr'>illi</span> <span class='ocrx_word' id='word_1_236' title='bbox 1092 2552 1240 2632; x_wconf 87' lang='lat' dir='ltr'>similem,</span> <span class='ocrx_word' id='word_1_237' title='bbox 1257 2570 1353 2632; x_wconf 92' lang='lat' dir='ltr'>equo</span> <span class='ocrx_word' id='word_1_238' title='bbox 1369 2570 1394 2617; x_wconf 87' lang='lat' dir='ltr'>s.</span> <span class='ocrx_word' id='word_1_239' title='bbox 1410 2552 1552 2628; x_wconf 83' lang='lat' dir='ltr'>Hierony·</span> 
     </span>
     <span class='ocr_line' id='line_1_27' title="bbox 341 2636 1553 2719; baseline -0.002 -21"><span class='ocrx_word' id='word_1_240' title='bbox 341 2653 413 2698; x_wconf 88' lang='lat' dir='ltr'>mus</span> <span class='ocrx_word' id='word_1_241' title='bbox 428 2636 592 2716; x_wconf 90' lang='lat' dir='ltr'>antiquam</span> <span class='ocrx_word' id='word_1_242' title='bbox 606 2637 778 2719; x_wconf 86' lang='lat' dir='ltr'>Vulgatam</span> <span class='ocrx_word' id='word_1_243' title='bbox 794 2639 986 2718; x_wconf 87' lang='lat' dir='ltr'>emendavit,</span> <span class='ocrx_word' id='word_1_244' title='bbox 1003 2646 1035 2704; x_wconf 90' lang='lat' dir='ltr'>et</span> <span class='ocrx_word' id='word_1_245' title='bbox 1049 2640 1130 2705; x_wconf 92' lang='lat' dir='ltr'>hanc</span> <span class='ocrx_word' id='word_1_246' title='bbox 1146 2639 1317 2703; x_wconf 89' lang='lat' dir='ltr'>editionem</span> <span class='ocrx_word' id='word_1_247' title='bbox 1333 2656 1406 2702; x_wconf 96' lang='lat' dir='ltr'>cum</span> <span class='ocrx_word' id='word_1_248' title='bbox 1421 2636 1553 2702; x_wconf 86' lang='lat' dir='ltr'>versione</span> 
     </span>
     <span class='ocr_line' id='line_1_28' title="bbox 341 2720 1553 2870; baseline 0.002 -87"><span class='ocrx_word' id='word_1_249' title='bbox 341 2720 482 2870; x_wconf 52' lang='lat' dir='ltr'>gulgata</span> <span class='ocrx_word' id='word_1_250' title='bbox 507 2723 667 2787; x_wconf 90' lang='lat' dir='ltr'>dedicavit</span> <span class='ocrx_word' id='word_1_251' title='bbox 693 2723 820 2788; x_wconf 79' lang='grc'><strong>11111).</strong></span> <span class='ocrx_word' id='word_1_252' title='bbox 847 2723 992 2803; x_wconf 82' lang='lat' dir='ltr'>d.’Affre‚</span> <span class='ocrx_word' id='word_1_253' title='bbox 1014 2724 1262 2805; x_wconf 89' lang='lat' dir='ltr'>archiepiscopo</span> <span class='ocrx_word' id='word_1_254' title='bbox 1291 2723 1493 2788; x_wconf 82' lang='lat' dir='ltr'>Parisiensi.¹</span> <span class='ocrx_word' id='word_1_255' title='bbox 1519 2753 1553 2762; x_wconf 74' lang='lat'>-</span> 
     </span>
     <span class='ocr_line' id='line_1_29' title="bbox 375 2825 488 2888; baseline 0.009 -17"><span class='ocrx_word' id='word_1_256' title='bbox 375 2825 488 2888; x_wconf 92' lang='lat' dir='ltr'>enrque</span> 
     </span>
    </p>

    <p class='ocr_par' dir='ltr' id='par_1_6' title="bbox 341 2892 1552 3831">
     <span class='ocr_line' id='line_1_30' title="bbox 428 2892 1552 2977; baseline -0.003 -21"><span class='ocrx_word' id='word_1_257' title='bbox 428 2893 457 2957; x_wconf 85' lang='lat'>8.</span> <span class='ocrx_word' id='word_1_258' title='bbox 485 2892 618 2959; x_wconf 88' lang='lat' dir='ltr'>Silentio</span> <span class='ocrx_word' id='word_1_259' title='bbox 640 2915 703 2960; x_wconf 92' lang='lat' dir='ltr'>non</span> <span class='ocrx_word' id='word_1_260' title='bbox 725 2901 775 2960; x_wconf 91' lang='lat' dir='ltr'>est</span> <span class='ocrx_word' id='word_1_261' title='bbox 796 2896 1083 2977; x_wconf 87' lang='lat' dir='ltr'>praetermittenda</span> <span class='ocrx_word' id='word_1_262' title='bbox 1106 2895 1204 2960; x_wconf 90' lang='lat' dir='ltr'>editio</span> <span class='ocrx_word' id='word_1_263' title='bbox 1227 2893 1265 2958; x_wconf 90' lang='lat' dir='ltr'>N.</span> <span class='ocrx_word' id='word_1_264' title='bbox 1282 2894 1334 2973; x_wconf 63' lang='lat' dir='ltr'>T,</span> <span class='ocrx_word' id='word_1_265' title='bbox 1361 2913 1459 2975; x_wconf 91' lang='lat' dir='ltr'>quam</span> <span class='ocrx_word' id='word_1_266' title='bbox 1483 2907 1552 2954; x_wconf 89' lang='lat' dir='ltr'>anuo</span> 
     </span>
     <span class='ocr_line' id='line_1_31' title="bbox 343 2977 1551 3062; baseline 0.001 -21"><span class='ocrx_word' id='word_1_267' title='bbox 343 2977 434 3043; x_wconf 84' lang='grc'><strong>1848.</strong></span> <span class='ocrx_word' id='word_1_268' title='bbox 458 2978 638 3062; x_wconf 85' lang='lat' dir='ltr'>Hamburgi</span> <span class='ocrx_word' id='word_1_269' title='bbox 655 2982 785 3062; x_wconf 92' lang='lat' dir='ltr'>prodire</span> <span class='ocrx_word' id='word_1_270' title='bbox 805 2980 881 3047; x_wconf 88' lang='lat' dir='ltr'>fecit</span> <span class='ocrx_word' id='word_1_271' title='bbox 905 2981 1080 3044; x_wconf 77' lang='lat' dir='ltr'>Eduardoo</span> <span class='ocrx_word' id='word_1_272' title='bbox 1104 2981 1141 3044; x_wconf 85' lang='lat' dir='ltr'>de</span> <span class='ocrx_word' id='word_1_273' title='bbox 1157 2979 1310 3060; x_wconf 79' lang='lat' dir='ltr'>Muralto,</span> <span class='ocrx_word' id='word_1_274' title='bbox 1337 2977 1551 3060; x_wconf 71' lang='lat' dir='ltr'>parcamur</span> 
     </span>
     <span class='ocr_line' id='line_1_32' title="bbox 342 3062 1552 3143; baseline -0.005 -16"><span class='ocrx_word' id='word_1_275' title='bbox 342 3063 434 3143; x_wconf 92' lang='lat' dir='ltr'>dicit,</span> <span class='ocrx_word' id='word_1_276' title='bbox 460 3083 477 3129; x_wconf 94' lang='grc'><strong>6</strong></span> <span class='ocrx_word' id='word_1_277' title='bbox 498 3065 607 3130; x_wconf 88' lang='lat' dir='ltr'>codice</span> <span class='ocrx_word' id='word_1_278' title='bbox 621 3067 777 3131; x_wconf 88' lang='lat' dir='ltr'>Vaticano</span> <span class='ocrx_word' id='word_1_279' title='bbox 791 3067 827 3130; x_wconf 92' lang='lat' dir='ltr'>B.</span> <span class='ocrx_word' id='word_1_280' title='bbox 872 3067 1024 3132; x_wconf 84' lang='lat' dir='ltr'>Attamen</span> <span class='ocrx_word' id='word_1_281' title='bbox 1039 3071 1151 3130; x_wconf 88' lang='lat' dir='ltr'>auctor</span> <span class='ocrx_word' id='word_1_282' title='bbox 1166 3066 1307 3130; x_wconf 88' lang='lat' dir='ltr'>codicem</span> <span class='ocrx_word' id='word_1_283' title='bbox 1322 3065 1407 3130; x_wconf 92' lang='lat' dir='ltr'>hunc</span> <span class='ocrx_word' id='word_1_284' title='bbox 1421 3084 1481 3130; x_wconf 91' lang='lat' dir='ltr'>non</span> <span class='ocrx_word' id='word_1_285' title='bbox 1495 3062 1552 3142; x_wconf 90' lang='lat' dir='ltr'>ipse</span> 
     </span>
     <span class='ocr_line' id='line_1_33' title="bbox 343 3147 1552 3239; baseline -0.001 -27"><span class='ocrx_word' id='word_1_286' title='bbox 343 3148 493 3230; x_wconf 88' lang='lat' dir='ltr'>contulit,</span> <span class='ocrx_word' id='word_1_287' title='bbox 515 3151 572 3215; x_wconf 91' lang='lat' dir='ltr'>sed</span> <span class='ocrx_word' id='word_1_288' title='bbox 592 3156 715 3216; x_wconf 87' lang='lat' dir='ltr'>textum</span> <span class='ocrx_word' id='word_1_289' title='bbox 737 3153 805 3233; x_wconf 88' lang='lat' dir='ltr'>ejus</span> <span class='ocrx_word' id='word_1_290' title='bbox 821 3152 1018 3216; x_wconf 90' lang='lat' dir='ltr'>concinnavit</span> <span class='ocrx_word' id='word_1_291' title='bbox 1034 3170 1052 3215; x_wconf 92' lang='grc'><strong>6</strong></span> <span class='ocrx_word' id='word_1_292' title='bbox 1068 3150 1289 3216; x_wconf 90' lang='lat' dir='ltr'>collationibus</span> <span class='ocrx_word' id='word_1_293' title='bbox 1303 3150 1425 3215; x_wconf 90' lang='lat' dir='ltr'>Birchii</span> <span class='ocrx_word' id='word_1_294' title='bbox 1441 3156 1472 3214; x_wconf 90' lang='lat' dir='ltr'>et</span> <span class='ocrx_word' id='word_1_295' title='bbox 1486 3147 1552 3239; x_wconf 70' lang='lat' dir='ltr'>Bar·</span> 
     </span>
     <span class='ocr_line' id='line_1_34' title="bbox 343 3233 1552 3318; baseline -0.005 -20"><span class='ocrx_word' id='word_1_296' title='bbox 343 3235 481 3314; x_wconf 89' lang='lat' dir='ltr'>toloccii,</span> <span class='ocrx_word' id='word_1_297' title='bbox 509 3237 599 3318; x_wconf 92' lang='lat' dir='ltr'>cujus</span> <span class='ocrx_word' id='word_1_298' title='bbox 621 3238 843 3302; x_wconf 90' lang='lat' dir='ltr'>adnotationes</span> <span class='ocrx_word' id='word_1_299' title='bbox 865 3257 947 3302; x_wconf 92' lang='lat' dir='ltr'>anno</span> <span class='ocrx_word' id='word_1_300' title='bbox 970 3236 1186 3302; x_wconf 62' lang='lat' dir='ltr'>rectractare</span> <span class='ocrx_word' id='word_1_301' title='bbox 1207 3236 1240 3300; x_wconf 94' lang='lat' dir='ltr'>in</span> <span class='ocrx_word' id='word_1_302' title='bbox 1262 3235 1456 3301; x_wconf 87' lang='lat' dir='ltr'>bibliotheca</span> <span class='ocrx_word' id='word_1_303' title='bbox 1476 3233 1552 3296; x_wconf 89' lang='lat' dir='ltr'>Pan-</span> 
     </span>
     <span class='ocr_line' id='line_1_35' title="bbox 343 3316 1544 3403; baseline -0.004 -19"><span class='ocrx_word' id='word_1_304' title='bbox 343 3321 439 3385; x_wconf 92' lang='lat' dir='ltr'>siensi</span> <span class='ocrx_word' id='word_1_305' title='bbox 454 3327 668 3386; x_wconf 89' lang='lat' dir='ltr'>asservantur.</span> <span class='ocrx_word' id='word_1_306' title='bbox 712 3322 854 3387; x_wconf 87' lang='lat' dir='ltr'>Alterius</span> <span class='ocrx_word' id='word_1_307' title='bbox 869 3323 971 3403; x_wconf 82' lang='lat' dir='ltr'>partis</span> <span class='ocrx_word' id='word_1_308' title='bbox 988 3322 1143 3403; x_wconf 89' lang='lat' dir='ltr'>epistolae</span> <span class='ocrx_word' id='word_1_309' title='bbox 1158 3323 1199 3387; x_wconf 92' lang='lat' dir='ltr'>ad</span> <span class='ocrx_word' id='word_1_310' title='bbox 1213 3322 1380 3387; x_wconf 89' lang='lat' dir='ltr'>Hebraeos</span> <span class='ocrx_word' id='word_1_311' title='bbox 1397 3321 1431 3402; x_wconf 92' lang='lat' dir='ltr'>(a</span> <span class='ocrx_word' id='word_1_312' title='bbox 1445 3321 1473 3399; x_wconf 86' lang='lat'>9,</span> <span class='ocrx_word' id='word_1_313' title='bbox 1490 3316 1544 3393; x_wconf 75' lang='lat'>15.)</span> 
     </span>
     <span class='ocr_line' id='line_1_36' title="bbox 342 3406 1552 3488; baseline -0.003 -18"><span class='ocrx_word' id='word_1_314' title='bbox 342 3406 550 3486; x_wconf 90' lang='lat' dir='ltr'>epistolarum</span> <span class='ocrx_word' id='word_1_315' title='bbox 565 3408 791 3488; x_wconf 90' lang='lat' dir='ltr'>pastoralium,</span> <span class='ocrx_word' id='word_1_316' title='bbox 816 3407 902 3472; x_wconf 93' lang='lat' dir='ltr'>illius</span> <span class='ocrx_word' id='word_1_317' title='bbox 917 3408 960 3472; x_wconf 91' lang='lat' dir='ltr'>ad</span> <span class='ocrx_word' id='word_1_318' title='bbox 974 3408 1204 3487; x_wconf 91' lang='lat' dir='ltr'>Philemonem,</span> <span class='ocrx_word' id='word_1_319' title='bbox 1229 3426 1311 3488; x_wconf 89' lang='lat' dir='ltr'>quae</span> <span class='ocrx_word' id='word_1_320' title='bbox 1326 3425 1390 3471; x_wconf 93' lang='lat' dir='ltr'>una</span> <span class='ocrx_word' id='word_1_321' title='bbox 1404 3424 1475 3472; x_wconf 92' lang='lat' dir='ltr'>cum</span> <span class='ocrx_word' id='word_1_322' title='bbox 1489 3418 1552 3480; x_wconf 91' lang='lat' dir='ltr'>apo·</span> 
     </span>
     <span class='ocr_line' id='line_1_37' title="bbox 342 3481 1552 3574; baseline -0.005 -19"><span class='ocrx_word' id='word_1_323' title='bbox 342 3491 462 3572; x_wconf 85' lang='lat' dir='ltr'>calypsi</span> <span class='ocrx_word' id='word_1_324' title='bbox 475 3493 508 3556; x_wconf 94' lang='lat' dir='ltr'>in</span> <span class='ocrx_word' id='word_1_325' title='bbox 523 3493 633 3558; x_wconf 88' lang='lat' dir='ltr'>codice</span> <span class='ocrx_word' id='word_1_326' title='bbox 646 3494 675 3557; x_wconf 94' lang='lat' dir='ltr'><strong>B</strong></span> <span class='ocrx_word' id='word_1_327' title='bbox 691 3494 822 3574; x_wconf 90' lang='lat' dir='ltr'>desunt,</span> <span class='ocrx_word' id='word_1_328' title='bbox 846 3499 953 3558; x_wconf 87' lang='lat' dir='ltr'>textus</span> <span class='ocrx_word' id='word_1_329' title='bbox 968 3494 1135 3558; x_wconf 90' lang='lat' dir='ltr'>desumtus</span> <span class='ocrx_word' id='word_1_330' title='bbox 1157 3498 1207 3558; x_wconf 89' lang='lat' dir='ltr'>est</span> <span class='ocrx_word' id='word_1_331' title='bbox 1229 3512 1247 3557; x_wconf 92' lang='grc'><strong>6</strong></span> <span class='ocrx_word' id='word_1_332' title='bbox 1266 3492 1429 3557; x_wconf 89' lang='lat' dir='ltr'>codicibus</span> <span class='ocrx_word' id='word_1_333' title='bbox 1445 3490 1473 3554; x_wconf 86' lang='lat' dir='ltr'><strong>G</strong></span> <span class='ocrx_word' id='word_1_334' title='bbox 1486 3481 1552 3552; x_wconf 88' lang='lat' dir='ltr'>etH</span> 
     </span>
     <span class='ocr_line' id='line_1_38' title="bbox 341 3569 1550 3661; baseline -0.004 -20"><span class='ocrx_word' id='word_1_335' title='bbox 341 3577 493 3643; x_wconf 84' lang='lat' dir='ltr'>aScholz</span> <span class='ocrx_word' id='word_1_336' title='bbox 515 3578 655 3659; x_wconf 91' lang='lat' dir='ltr'>collatis,</span> <span class='ocrx_word' id='word_1_337' title='bbox 683 3584 715 3645; x_wconf 92' lang='lat' dir='ltr'>et</span> <span class='ocrx_word' id='word_1_338' title='bbox 739 3579 941 3661; x_wconf 87' lang='lat' dir='ltr'>apocalypsis</span> <span class='ocrx_word' id='word_1_339' title='bbox 963 3580 1102 3660; x_wconf 90' lang='lat' dir='ltr'>repetita</span> <span class='ocrx_word' id='word_1_340' title='bbox 1123 3598 1141 3644; x_wconf 91' lang='lat' dir='ltr'>e</span> <span class='ocrx_word' id='word_1_341' title='bbox 1164 3579 1273 3643; x_wconf 89' lang='lat' dir='ltr'>codice</span> <span class='ocrx_word' id='word_1_342' title='bbox 1292 3577 1449 3642; x_wconf 88' lang='lat' dir='ltr'>Vaticano</span> <span class='ocrx_word' id='word_1_343' title='bbox 1471 3569 1550 3636; x_wconf 74' lang='lat'><strong>1266.</strong></span> 
     </span>
     <span class='ocr_line' id='line_1_39' title="bbox 342 3657 1552 3745; baseline -0.003 -19"><span class='ocrx_word' id='word_1_344' title='bbox 342 3660 444 3742; x_wconf 89' lang='lat' dir='ltr'>(apoc.</span> <span class='ocrx_word' id='word_1_345' title='bbox 459 3664 510 3745; x_wconf 89' lang='lat' dir='ltr'>B).</span> <span class='ocrx_word' id='word_1_346' title='bbox 532 3665 563 3727; x_wconf 87' lang='lat' dir='ltr'><strong>A</strong></span> <span class='ocrx_word' id='word_1_347' title='bbox 577 3670 684 3730; x_wconf 89' lang='lat' dir='ltr'>tamen</span> <span class='ocrx_word' id='word_1_348' title='bbox 701 3664 848 3730; x_wconf 89' lang='lat' dir='ltr'>adhibuit</span> <span class='ocrx_word' id='word_1_349' title='bbox 864 3667 961 3730; x_wconf 90' lang='lat' dir='ltr'>etiam</span> <span class='ocrx_word' id='word_1_350' title='bbox 976 3665 1123 3730; x_wconf 90' lang='lat' dir='ltr'>undecim</span> <span class='ocrx_word' id='word_1_351' title='bbox 1139 3665 1265 3729; x_wconf 90' lang='lat' dir='ltr'>codices</span> <span class='ocrx_word' id='word_1_352' title='bbox 1281 3681 1414 3745; x_wconf 85' lang='lat' dir='ltr'>graecos</span> <span class='ocrx_word' id='word_1_353' title='bbox 1429 3657 1552 3726; x_wconf 81' lang='lat' dir='ltr'>nondum</span> 
     </span>
     <span class='ocr_line' id='line_1_40' title="bbox 344 3746 1311 3831; baseline 0.002 -20"><span class='ocrx_word' id='word_1_354' title='bbox 344 3746 475 3813; x_wconf 90' lang='lat' dir='ltr'>collatos</span> <span class='ocrx_word' id='word_1_355' title='bbox 490 3755 523 3814; x_wconf 93' lang='lat' dir='ltr'>et</span> <span class='ocrx_word' id='word_1_356' title='bbox 537 3751 760 3831; x_wconf 89' lang='lat' dir='ltr'>antiquissima</span> <span class='ocrx_word' id='word_1_357' title='bbox 775 3751 929 3816; x_wconf 91' lang='lat' dir='ltr'>versionis</span> <span class='ocrx_word' id='word_1_358' title='bbox 945 3750 1083 3815; x_wconf 88' lang='lat' dir='ltr'>slavicae</span> <span class='ocrx_word' id='word_1_359' title='bbox 1098 3757 1311 3815; x_wconf 90' lang='lat' dir='ltr'>monumenta.</span> 
     </span>
    </p>
   </div>
   <div class='ocr_carea' id='block_1_5' title="bbox 340 3825 1552 4243">
    <p class='ocr_par' dir='ltr' id='par_1_7' title="bbox 340 3825 1552 4243">
     <span class='ocr_line' id='line_1_41' title="bbox 429 3825 1551 3924; baseline -0.001 -27"><span class='ocrx_word' id='word_1_360' title='bbox 429 3833 551 3909; x_wconf 83' lang='lat' dir='ltr'>Quodsi</span> <span class='ocrx_word' id='word_1_361' title='bbox 576 3836 618 3899; x_wconf 91' lang='lat' dir='ltr'>ad</span> <span class='ocrx_word' id='word_1_362' title='bbox 643 3837 730 3901; x_wconf 89' lang='lat' dir='ltr'>dicta</span> <span class='ocrx_word' id='word_1_363' title='bbox 756 3837 981 3918; x_wconf 91' lang='lat' dir='ltr'>respiciamus,</span> <span class='ocrx_word' id='word_1_364' title='bbox 1008 3835 1199 3914; x_wconf 89' lang='lat' dir='ltr'>invenimus,</span> <span class='ocrx_word' id='word_1_365' title='bbox 1223 3841 1298 3916; x_wconf 88' lang='lat' dir='ltr'>post</span> <span class='ocrx_word' id='word_1_366' title='bbox 1323 3825 1551 3924; x_wconf 52' lang='lat' dir='ltr'>typographiam</span> 
     </span>
     <span class='ocr_line' id='line_1_42' title="bbox 341 3917 1552 4002; baseline -0.01 -20"><span class='ocrx_word' id='word_1_367' title='bbox 341 3917 502 3984; x_wconf 89' lang='lat' dir='ltr'>inventam</span> <span class='ocrx_word' id='word_1_368' title='bbox 518 3920 664 4002; x_wconf 85' lang='lat' dir='ltr'>exiguam</span> <span class='ocrx_word' id='word_1_369' title='bbox 679 3920 778 3986; x_wconf 91' lang='lat' dir='ltr'>fuisse</span> <span class='ocrx_word' id='word_1_370' title='bbox 793 3922 997 4002; x_wconf 90' lang='lat' dir='ltr'>antiquorum</span> <span class='ocrx_word' id='word_1_371' title='bbox 1012 3920 1050 3984; x_wconf 94' lang='lat' dir='ltr'>N.</span> <span class='ocrx_word' id='word_1_372' title='bbox 1067 3922 1101 3985; x_wconf 90' lang='lat' dir='ltr'>T.</span> <span class='ocrx_word' id='word_1_373' title='bbox 1117 3925 1394 3986; x_wconf 90' lang='lat' dir='ltr'>monumentorum</span> <span class='ocrx_word' id='word_1_374' title='bbox 1417 3917 1552 3998; x_wconf 85' lang='lat' dir='ltr'>cogmtro·</span> 
     </span>
     <span class='ocr_line' id='line_1_43' title="bbox 341 3994 1552 4088; baseline -0.002 -21"><span class='ocrx_word' id='word_1_375' title='bbox 341 4022 422 4083; x_wconf 91' lang='lat' dir='ltr'>nem,</span> <span class='ocrx_word' id='word_1_376' title='bbox 438 4004 511 4070; x_wconf 91' lang='lat' dir='ltr'>hinc</span> <span class='ocrx_word' id='word_1_377' title='bbox 526 4006 619 4070; x_wconf 88' lang='lat' dir='ltr'>valde</span> <span class='ocrx_word' id='word_1_378' title='bbox 634 4006 838 4088; x_wconf 86' lang='lat' dir='ltr'>imperfectas</span> <span class='ocrx_word' id='word_1_379' title='bbox 854 4007 1010 4072; x_wconf 90' lang='lat' dir='ltr'>editiones</span> <span class='ocrx_word' id='word_1_380' title='bbox 1024 4006 1185 4087; x_wconf 90' lang='lat' dir='ltr'>principes</span> <span class='ocrx_word' id='word_1_381' title='bbox 1201 4012 1234 4071; x_wconf 92' lang='lat' dir='ltr'>et</span> <span class='ocrx_word' id='word_1_382' title='bbox 1249 4005 1493 4086; x_wconf 89' lang='lat' dir='ltr'>subsequentes;</span> <span class='ocrx_word' id='word_1_383' title='bbox 1510 3994 1552 4057; x_wconf 69' lang='lat' dir='ltr'>ast</span> 
     </span>
     <span class='ocr_line' id='line_1_44' title="bbox 340 4091 1551 4173; baseline -0.003 -20"><span class='ocrx_word' id='word_1_384' title='bbox 340 4098 517 4170; x_wconf 88' lang='lat' dir='ltr'>apparatus</span> <span class='ocrx_word' id='word_1_385' title='bbox 533 4091 696 4156; x_wconf 89' lang='lat' dir='ltr'>criticusa</span> <span class='ocrx_word' id='word_1_386' title='bbox 716 4093 824 4173; x_wconf 89' lang='lat' dir='ltr'>parvis</span> <span class='ocrx_word' id='word_1_387' title='bbox 847 4092 947 4156; x_wconf 87' lang='lat' dir='ltr'>initiis</span> <span class='ocrx_word' id='word_1_388' title='bbox 967 4110 1098 4156; x_wconf 86' lang='lat' dir='ltr'>exorsus</span> <span class='ocrx_word' id='word_1_389' title='bbox 1120 4092 1298 4157; x_wconf 89' lang='lat' dir='ltr'>successive</span> <span class='ocrx_word' id='word_1_390' title='bbox 1320 4092 1362 4155; x_wconf 90' lang='lat' dir='ltr'>ad</span> <span class='ocrx_word' id='word_1_391' title='bbox 1384 4091 1551 4154; x_wconf 76' lang='lat' dir='ltr'>immensam</span> 
     </span>
     <span class='ocr_line' id='line_1_45' title="bbox 341 4173 1550 4243; baseline -0.003 -3"><span class='ocrx_word' id='word_1_392' title='bbox 341 4175 456 4241; x_wconf 90' lang='lat' dir='ltr'>molem</span> <span class='ocrx_word' id='word_1_393' title='bbox 471 4177 612 4242; x_wconf 90' lang='lat' dir='ltr'>accrevit</span> <span class='ocrx_word' id='word_1_394' title='bbox 626 4175 795 4243; x_wconf 89' lang='lat' dir='ltr'>indefessis</span> <span class='ocrx_word' id='word_1_395' title='bbox 817 4177 981 4243; x_wconf 91' lang='lat' dir='ltr'>laboribus</span> <span class='ocrx_word' id='word_1_396' title='bbox 1004 4195 1042 4241; x_wconf 95' lang='lat' dir='ltr'>ac</span> <span class='ocrx_word' id='word_1_397' title='bbox 1062 4179 1177 4242; x_wconf 89' lang='lat' dir='ltr'>studiis</span> <span class='ocrx_word' id='word_1_398' title='bbox 1199 4178 1340 4242; x_wconf 93' lang='lat' dir='ltr'>virorum</span> <span class='ocrx_word' id='word_1_399' title='bbox 1362 4173 1550 4241; x_wconf 68' lang='lat' dir='ltr'>eruditorum,</span> 
     </span>
    </p>
   </div>
   <div class='ocr_carea' id='block_1_6' title="bbox 412 4397 1551 4476">
    <p class='ocr_par' dir='ltr' id='par_1_8' title="bbox 412 4397 1551 4476">
     <span class='ocr_line' id='line_1_46' title="bbox 412 4397 1551 4476; baseline -0.004 -12"><span class='ocrx_word' id='word_1_400' title='bbox 412 4417 420 4446; x_wconf 89' lang='lat'><strong>¹</strong></span> <span class='ocrx_word' id='word_1_401' title='bbox 439 4411 534 4466; x_wconf 80' lang='lat' dir='ltr'>Virum</span> <span class='ocrx_word' id='word_1_402' title='bbox 546 4412 650 4466; x_wconf 91' lang='lat' dir='ltr'>huncce</span> <span class='ocrx_word' id='word_1_403' title='bbox 662 4411 760 4466; x_wconf 91' lang='lat' dir='ltr'>codicis</span> <span class='ocrx_word' id='word_1_404' title='bbox 774 4412 895 4466; x_wconf 85' lang='lat' dir='ltr'>Sinaitici</span> <span class='ocrx_word' id='word_1_405' title='bbox 906 4412 1057 4466; x_wconf 88' lang='lat' dir='ltr'>inventione</span> <span class='ocrx_word' id='word_1_406' title='bbox 1069 4412 1224 4468; x_wconf 87' lang='lat' dir='ltr'>meritorum</span> <span class='ocrx_word' id='word_1_407' title='bbox 1238 4427 1346 4466; x_wconf 92' lang='lat' dir='ltr'>suorum</span> <span class='ocrx_word' id='word_1_408' title='bbox 1358 4421 1467 4465; x_wconf 89' lang='lat' dir='ltr'>coronae</span> <span class='ocrx_word' id='word_1_409' title='bbox 1478 4397 1551 4476; x_wconf 67' lang='lat' dir='ltr'>splen·</span> 
     </span>
    </p>
   </div>
   <div class='ocr_carea' id='block_1_7' title="bbox 220 4467 1551 4561">
    <p class='ocr_par' dir='ltr' id='par_1_9' title="bbox 220 4467 1551 4561">
     <span class='ocr_line' id='line_1_47' title="bbox 220 4467 1551 4561; baseline -0.005 -31"><span class='ocrx_word' id='word_1_410' title='bbox 220 4500 222 4504; x_wconf 50' lang='lat'>&gt;</span> <span class='ocrx_word' id='word_1_411' title='bbox 341 4477 431 4532; x_wconf 92' lang='lat' dir='ltr'>didam</span> <span class='ocrx_word' id='word_1_412' title='bbox 440 4480 575 4534; x_wconf 89' lang='lat' dir='ltr'>addidisse</span> <span class='ocrx_word' id='word_1_413' title='bbox 584 4496 725 4561; x_wconf 77' lang='lat' dir='ltr'>gemmam,</span> <span class='ocrx_word' id='word_1_414' title='bbox 736 4486 766 4534; x_wconf 91' lang='lat' dir='ltr'>ut</span> <span class='ocrx_word' id='word_1_415' title='bbox 776 4481 850 4549; x_wconf 90' lang='lat' dir='ltr'>prins</span> <span class='ocrx_word' id='word_1_416' title='bbox 860 4481 917 4548; x_wconf 88' lang='lat' dir='ltr'>jam</span> <span class='ocrx_word' id='word_1_417' title='bbox 929 4480 1071 4546; x_wconf 90' lang='lat' dir='ltr'>innuimus,</span> <span class='ocrx_word' id='word_1_418' title='bbox 1083 4481 1141 4549; x_wconf 90' lang='lat' dir='ltr'>ipse</span> <span class='ocrx_word' id='word_1_419' title='bbox 1152 4497 1272 4535; x_wconf 90' lang='lat' dir='ltr'>summus</span> <span class='ocrx_word' id='word_1_420' title='bbox 1284 4481 1413 4534; x_wconf 89' lang='lat' dir='ltr'>ecclcsiae</span> <span class='ocrx_word' id='word_1_421' title='bbox 1425 4467 1551 4530; x_wconf 65' lang='lat' dir='ltr'>cathohclle</span> 
     </span>
    </p>
   </div>
   <div class='ocr_carea' id='block_1_8' title="bbox 341 4533 1550 4686">
    <p class='ocr_par' dir='ltr' id='par_1_10' title="bbox 341 4533 1550 4686">
     <span class='ocr_line' id='line_1_48' title="bbox 341 4533 1550 4617; baseline -0.019 -14"><span class='ocrx_word' id='word_1_422' title='bbox 341 4547 452 4602; x_wconf 87' lang='lat' dir='ltr'>Praesul</span> <span class='ocrx_word' id='word_1_423' title='bbox 464 4556 540 4617; x_wconf 83' lang='lat' dir='ltr'>grato</span> <span class='ocrx_word' id='word_1_424' title='bbox 552 4564 639 4602; x_wconf 90' lang='lat' dir='ltr'>ammo</span> <span class='ocrx_word' id='word_1_425' title='bbox 652 4549 765 4616; x_wconf 81' lang='lat' dir='ltr'>agnovit.</span> <span class='ocrx_word' id='word_1_426' title='bbox 791 4549 900 4603; x_wconf 90' lang='lat' dir='ltr'>Utinam</span> <span class='ocrx_word' id='word_1_427' title='bbox 918 4549 967 4603; x_wconf 89' lang='lat' dir='ltr'>viri</span> <span class='ocrx_word' id='word_1_428' title='bbox 985 4549 1113 4604; x_wconf 86' lang='lat' dir='ltr'>indefessi</span> <span class='ocrx_word' id='word_1_429' title='bbox 1132 4550 1220 4603; x_wconf 87' lang='lat' dir='ltr'>studio</span> <span class='ocrx_word' id='word_1_430' title='bbox 1237 4549 1317 4604; x_wconf 88' lang='lat' dir='ltr'>etiam</span> <span class='ocrx_word' id='word_1_431' title='bbox 1334 4549 1450 4602; x_wconf 89' lang='lat' dir='ltr'>codicem</span> <span class='ocrx_word' id='word_1_432' title='bbox 1461 4533 1550 4593; x_wconf 85' lang='lat' dir='ltr'>Vatica-</span> 
     </span>
     <span class='ocr_line' id='line_1_49' title="bbox 342 4617 824 4686; baseline 0 -17"><span class='ocrx_word' id='word_1_433' title='bbox 342 4632 407 4670; x_wconf 88' lang='lat' dir='ltr'>num</span> <span class='ocrx_word' id='word_1_434' title='bbox 419 4619 572 4672; x_wconf 86' lang='lat' dir='ltr'>accuratius</span> <span class='ocrx_word' id='word_1_435' title='bbox 584 4617 664 4674; x_wconf 90' lang='lat' dir='ltr'>edere</span> <span class='ocrx_word' id='word_1_436' title='bbox 675 4618 824 4686; x_wconf 66' lang='lat' dir='ltr'>adfingat!</span> 
     </span>
    </p>
   </div>
   <div class='ocr_carea' id='block_1_9' title="bbox 0 0 1662 5166">
    <p class='ocr_par' dir='ltr' id='par_1_11' title="bbox 0 0 1662 5166">
     <span class='ocr_line' id='line_1_50' title="bbox 0 0 1662 5166; baseline 0 0"><span class='ocrx_word' id='word_1_437' title='bbox 0 0 1662 5166; x_wconf 95' lang='lat' dir='ltr'> </span> 
     </span>
    </p>
   </div>
  </div>
 </body>
</html>
