3314 5166
794 352 1080 415 -.-100ss

411 523 439 585 4.
470 523 506 586 ln
532 523 625 604 longe
647 521 791 602 plurimis
814 528 921 586 textus
943 523 1025 586 sacri
1047 522 1194 603 partibus
1221 521 1326 586 omnia
1347 527 1533 586 monumenta

326 608 536 687 consentiunt,
551 607 598 671 ita
613 616 649 671 ut
663 608 695 670 in
711 607 797 672 hisce
813 607 910 672 dubio
925 609 1076 687 prudenti
1091 627 1153 671 non
1168 607 1211 671 sit
1225 607 1323 671 locus.
1367 607 1404 670 ln
1419 607 1533 688 reliquis
1640 683 1641 690 ¹

326 699 495 774 sequentes
518 711 610 757 casus
625 693 729 757 locum
745 692 862 757 habere
877 699 1010 773 possunt
1035 699 1066 757 et
1083 711 1218 757 canones
1242 692 1344 757 critici
1360 692 1534 756 observandi

326 785 417 843 sunt:

410 865 442 944 a)
464 863 640 944 Utriusque
654 862 793 928 familiae
809 871 1012 928 monumenta
1035 862 1128 945 longe
1150 863 1287 944 plurima
1303 864 1497 929 consentiunt
1508 863 1535 926 iu

325 950 437 1014 eadem
451 949 594 1013 lectione.
606 985 649 993 —
660 949 730 1013 Hoc
743 949 777 1013 in
793 968 868 1013 casu
884 949 1061 1030 pluralitati
1076 949 1183 1029 palma
1198 949 1369 1013 tribuenda
1383 957 1441 1028 est,
1456 967 1535 1030 prae-

325 1036 434 1100 sertim
450 1035 477 1098 si
492 1034 606 1115 reliqui
621 1035 774 1116 perpauci
790 1041 890 1100 testes
911 1035 974 1115 ipsi
989 1054 1051 1099 non
1073 1035 1281 1114 concordant,
1304 1041 1361 1098 aut
1384 1035 1411 1099 si
1427 1053 1462 1098 ex
1476 1033 1537 1097 aliis

324 1120 401 1186 locis
417 1126 555 1201 constat,
572 1139 627 1186 eos
642 1121 674 1184 in
689 1121 896 1202 propagando
911 1127 1002 1184 textu
1016 1119 1155 1185 familiae
1171 1139 1248 1185 suae
1263 1120 1435 1187 admodum
1450 1119 1537 1183 libere

325 1223 396 1271 esse
410 1205 564 1270 versatos.

407 1292 442 1373 b)
465 1291 567 1355 Unius
586 1290 725 1355 familiae
748 1292 853 1356 omnia
868 1297 1072 1356 monumenta
1088 1297 1120 1355 et
1135 1291 1268 1356 alterius
1290 1309 1394 1371 pauca
1417 1290 1538 1355 eandem

323 1377 490 1442 lectionem
505 1377 633 1456 habent,
648 1376 772 1457 reliqua
785 1377 818 1441 in
834 1376 896 1440 alia
911 1377 1047 1442 lectione
1059 1377 1268 1441 consentiunt.
1280 1413 1322 1420 —
1334 1377 1441 1441 Minus
1454 1376 1539 1439 liber-

323 1464 401 1527 tatis
425 1467 457 1527 et
477 1462 611 1543 proinde
632 1462 705 1543 plus
726 1461 801 1527 fidei
822 1463 854 1526 in
876 1463 1037 1543 prioribus
1059 1463 1300 1543 supponendum
1324 1467 1388 1542 est,
1413 1462 1539 1541 ideoque

324 1549 467 1628 priorum
481 1548 576 1613 lectio
592 1546 809 1628 praeferenda.

410 1634 440 1715 c)
463 1633 564 1697 Unius
578 1633 717 1698 familiae
732 1639 832 1698 testes
848 1635 980 1698 eandem
995 1633 1164 1698 lectionem
1178 1638 1301 1712 tenent,
1324 1651 1396 1698 cum
1412 1632 1462 1696 his
1477 1651 1539 1696 con·

324 1719 465 1783 sentiunt
480 1719 620 1784 nonnulli
631 1719 773 1799 alterius,
789 1719 904 1801 reliqui
916 1739 990 1784 vero
1005 1719 1100 1800 hujus
1115 1718 1253 1783 familiae
1267 1719 1352 1783 inter
1367 1717 1539 1782 seinvicem

323 1825 385 1869 non
401 1805 609 1870 consentiunt.
625 1841 667 1848 —
682 1805 772 1870 ldem
787 1806 881 1885 valet,
897 1810 934 1869 111
949 1805 981 1868 in
996 1805 1208 1885 praecedente
1224 1823 1309 1868 casu.

408 1891 443 1973 d)
467 1891 605 1967 Quaevis
620 1890 741 1955 familia
756 1891 850 1955 aliam
865 1891 1033 1956 lectionem
1049 1890 1191 1969 exhibet,
1209 1890 1263 1970 qui
1279 1895 1329 1954 est
1345 1907 1440 1954 casus
1455 1887 1540 1953 raris·

325 1977 490 2041 simusx—
506 1976 643 2042 Criteria
658 1977 783 2041 interna
799 1976 991 2042 consulenda
1007 1981 1089 2041 sunt.

409 2063 441 2144 e)
463 2061 535 2126 Non
557 2068 682 2126 tantum
703 2082 767 2126 una
789 2061 909 2126 familia
931 2062 971 2126 ab
995 2062 1098 2126 altera
1120 2060 1269 2140 discedit,
1293 2060 1351 2124 sed
1367 2059 1466 2124 etiam
1479 2059 1541 2140 ipsa

323 2147 492 2228 utriusque
514 2153 718 2212 monumenta
739 2168 801 2212 non
827 2149 1027 2212 concordant.
1049 2183 1091 2190 —
1116 2146 1261 2226 Utraque
1287 2144 1408 2210 familia
1435 2145 1542 2210 exami-

323 2233 429 2296 nanda
444 2238 508 2311 est,
532 2238 564 2297 et
587 2234 755 2313 utriusque
777 2233 872 2298 lectio
895 2235 1019 2298 ratione
1034 2232 1145 2296 habita
1160 2235 1291 2296 testium
1306 2238 1339 2296 et
1353 2231 1542 2296 internorum

325 2318 524 2382 criteriorum
539 2319 646 2398 potior
661 2319 917 2398 determinande;
941 2319 1014 2384 dein
1035 2318 1096 2382 hae
1115 2317 1267 2382 lectiones
1290 2318 1394 2382 denuo
1418 2317 1501 2381 inter
1514 2333 1542 2379 se

323 2403 457 2468 invicem
473 2403 689 2470 conferendae.

767 2633 1013 2690 AB'I'IGULUS
1035 2634 1098 2690 ΠΙ.

648 2780 704 2851 De
722 2778 933 2852 editionibus
952 2787 1073 2853 textus
1092 2778 1237 2873 graeci'

805 2938 811 2948 ’
883 2968 910 3048 q.
935 2969 985 3032 ro.

730 3102 760 3170 a)
778 3103 946 3154 Editionee
964 3103 1138 3166 principes.

410 3253 472 3318 Per
484 3254 639 3320 editiones
654 3256 813 3336 principes
828 3257 1049 3338 intelbguntur
1062 3257 1194 3338 primae,
1211 3275 1293 3337 quae
1307 3277 1324 3321 e
1340 3257 1417 3322 solis
1433 3255 1542 3323 codici-

324 3338 385 3402 bus
400 3340 596 3419 prodierunt,
617 3346 649 3404 et
665 3341 792 3421 quidem

411 3427 438 3487 1.
467 3425 577 3488 Edtitb
605 3423 830 3509 Complutcnsoe
855 3450 907 3489 eeu
936 3426 1151 3510 Alcalertstir*)
1173 3427 1364 3512 polyqlotta,
1391 3429 1543 3492 adornata

325 3511 409 3572 caria
415 3558 426 3590 ,
447 3511 631 3574 auctoritato
646 3525 673 3572 et
687 3511 838 3573 sumtibus
853 3513 1023 3575 Frenetsee'
1035 3513 1180 3575 Xt'rrtente
1195 3513 1232 3576 dc
1249 3513 1406 3594 diana-oo,
1430 3515 1542 3594 Hispa-

325 3594 396 3658 niae
423 3594 600 3660 Cardinalis
626 3601 659 3661 11
683 3596 834 3676 ministri,
867 3597 1097 3678 archiepiscopi
1124 3598 1287 3679 Tolosani,
1317 3618 1354 3664 ex
1379 3599 1500 3663 Ordine
1521 3616 1542 3661 s.

325 3679 499 3760 Francisei,
524 3683 578 3762 qui
593 3683 761 3763 utriusque
775 3680 912 3746 foederis
928 3683 1053 3747 codices
1068 3684 1281 3764 undequaque
1296 3685 1420 3765 magnis
1436 3684 1543 3748 sumti-

325 3765 386 3827 bus
402 3765 462 3827 sibi
478 3769 688 3847 comparavit,
712 3773 745 3832 et
766 3769 907 3832 eruditos
922 3768 1039 3833 adhoc
1059 3787 1139 3848 opus
1154 3768 1381 3848 perficiendum
1395 3769 1543 3850 praemiis

326 3849 545 3914 determinatis
560 3854 752 3931 provocavit.
783 3853 911 3916 Initium
926 3851 1045 3917 factum
1062 3862 1110 3918 est
1126 3873 1206 3919 anno
1224 3856 1324 3934 1502,
1341 3860 1374 3919 et
1389 3855 1426 3918 N.
1444 3856 1479 3918 T.
1495 3854 1542 3918 die
1641 3897 1642 3900 ,

327 3936 375 3998 10.
392 3934 412 3998 J
414 3936 536 3998 anuarii
553 3938 656 4016 1514,
679 3938 839 4019 integrum
860 3957 935 4002 vero
959 3959 1039 4019 opus
1056 3958 1110 4003 sex
1124 3939 1336 4020 voluminibus
1357 3941 1390 4004 in
1404 3939 1457 4004 fol.
1474 3959 1542 4004 con-

325 4026 414 4084 stans
429 4039 510 4084 anno
528 4021 635 4101 1517,
659 4032 797 4102 quatuor
818 4023 980 4088 mensibus
1003 4031 1077 4088 ante
1100 4026 1239 4090 auctoris
1261 4033 1396 4090 mortem
1411 4025 1541 4101 finitum,

324 4105 435 4170 venale
450 4114 557 4170 autem
572 4113 646 4170 ante
661 4126 776 4171 annum
791 4109 881 4173 1520.
896 4109 928 4172 in
943 4109 1013 4189 ipsa
1023 4109 1179 4190 Hispania
1193 4130 1255 4174 non
1267 4111 1455 4191 expositum,
1471 4110 1542 4192 quia

324 4192 389 4255 Leo
411 4191 449 4254 X.
473 4190 507 4254 P.
531 4192 567 4255 R.
595 4193 663 4272 eJus
689 4193 869 4272 publicandi
896 4195 1019 4258 veniam
1045 4215 1107 4259 non
1133 4196 1304 4275 concessit3
1331 4197 1449 4261 exteris
1471 4201 1541 4260 ante

324 4294 440 4340 annum
457 4277 548 4341 1521.
564 4277 657 4358 plane
672 4297 734 4342 non
748 4279 893 4343 innotuit.
938 4280 1098 4360 impressa
1114 4287 1188 4344 sunt
1203 4282 1265 4345 600
1280 4282 1489 4362 exemplaria,
1513 4285 1541 4344 et

323 4361 483 4442 integrum
498 4381 578 4443 opus
593 4363 719 4441 50,000.
735 4383 905 4429 aureorum
921 4366 1075 4446 constitit,
1092 4366 1142 4429 eui
1158 4385 1299 4432 summae
1314 4368 1541 4448 impendendae

324 4465 383 4525 par
398 4466 459 4510 non
475 4457 560 4527 erat,
584 4449 645 4511 nisi
667 4449 723 4528 qui
737 4449 860 4513 reditus
875 4449 1014 4514 habebat
1029 4451 1114 4533 regis
1137 4457 1170 4516 et
1183 4452 1375 4534 indigentias
1389 4451 1540 4518 monachi.

394 4635 402 4663 ¹
421 4630 589 4697 Complutum
601 4631 738 4700 antiquum
752 4637 793 4684 est
805 4646 902 4685 nomen
915 4633 1029 4688 civitatis
1041 4635 1152 4689 Alealae
1164 4634 1197 4688 de
1209 4635 1337 4693 Henares.
