3314 5166
580 297 866 364 -159—

666 519 694 602 a.
714 520 785 586 no.

196 654 379 718 Axioprstlc
390 653 433 707 N.
445 655 481 708 ¹1¹.
493 657 661 708 auctorum
673 657 802 708 interna
812 657 1016 708 narratorum
1035 656 1263 720 probabilitate
1392 651 1399 664 ‘

602 741 852 794 commandatur.

201 893 250 959 Ad
264 890 360 960 fidem
374 893 452 960 testi
467 893 593 960 cuidam
607 895 786 960 habendam
801 893 919 961 sufficit
934 895 1078 977 quidem,
1094 896 1122 960 si
1137 895 1336 963 demonstra·

126 986 186 1044 tum
198 979 302 1060 fuerit,
317 997 370 1044 res
381 979 421 1044 ab
434 980 488 1045 iilo
500 980 546 1044 sic
558 979 679 1062 referri,
694 981 802 1062 prouti
815 986 998 1061 evenerant;
1014 986 1156 1047 attamen
1166 983 1337 1064 axiopistiu

126 1065 201 1129 ilius
211 1084 273 1131 non
284 1083 399 1146 parum
412 1063 551 1146 fulcitur,
567 1066 595 1131 si
609 1065 735 1132 interna
745 1072 947 1132 narratorum
958 1067 1169 1148 probabilitas
1180 1068 1231 1134 vel
1242 1068 1336 1151 plane

126 1151 290 1216 necessitas
306 1151 440 1232 ostendi,
457 1169 514 1217 seu
530 1152 557 1216 si
571 1153 702 1234 probari
716 1159 832 1234 potest,
848 1172 896 1233 ea,
912 1172 995 1235 quae
1009 1152 1200 1235 referuntur,

128 1279 129 1286 1
201 1236 234 1320 a)
257 1237 504 1304 circumstantiis
518 1237 673 1318 locorum,
695 1239 848 1320 temporis
864 1245 897 1305 et
911 1257 1119 1320 personarum
1133 1259 1194 1306 non
1209 1243 1335 1305 tantum

125 1341 179 1387 non
193 1341 378 1404 repugnare,
394 1323 453 1388 sed
466 1328 616 1389 accurate
630 1323 737 1406 potius
753 1324 947 1403 consentire3
966 1324 1017 1390 vel
1031 1324 1124 1406 plane

200 1409 231 1491 b)
252 1408 300 1474 ita
314 1409 485 1474 cohaerere
500 1428 572 1475 cum
586 1409 658 1474 ahis
674 1410 840 1475 eventibus
854 1409 1032 1476 manifestis
1047 1429 1084 1476 ac
1099 1410 1212 1491 certis,
1234 1415 1271 1475 ut
1286 1410 1336 1476 vel

125 1511 239 1575 causae,
254 1494 306 1559 vel
321 1493 451 1560 effectus
467 1513 577 1561 eorum
592 1495 703 1561 haberi
718 1495 870 1576 debeant;
886 1496 937 1562 vel
951 1495 1065 1562 saltem

199 1578 228 1663 c)
249 1579 297 1644 ita
313 1586 497 1662 comparata
512 1599 596 1662 esse,
617 1586 666 1662 ut,
681 1581 743 1647 nisi
758 1600 869 1648 revera
885 1583 1064 1649 evenissent
1078 1588 1135 1647 aut
1149 1579 1337 1663 adfuissent,

124 1665 244 1746 proprio
259 1670 364 1730 marte
378 1665 455 1748 fingi
469 1685 531 1731 non
546 1666 734 1748 potuissent.

201 1751 255 1814 Ad
267 1750 302 1834 a)
319 1749 507 1817 Consentire
521 1751 559 1817 N.
572 1752 607 1816 T.
622 1752 721 1818 libros
736 1754 768 1819 in
784 1753 1032 1819 circumstantiis
1046 1752 1197 1833 locorum,
1213 1757 1337 1833 tempo-

100 1851 104 1860 ’
124 1836 162 1899 ris
173 1854 208 1900 ac
219 1855 429 1918 personarum
441 1856 512 1902 cum
523 1838 658 1903 aliorum
669 1837 733 1904 fide
744 1839 913 1920 dignorum
924 1838 1142 1920 relationibus,
1154 1839 1222 1920 Jam
1235 1856 1302 1920 cap.
1311 1838 1337 1902 1.

124 1921 209 2002 hujus
225 1923 376 1988 sectionis
391 1923 644 1989 demonstratum
657 1929 717 1998 cst.

199 2008 254 2072 Ad
273 2007 307 2091 b)
330 2008 374 2072 Ut
399 2009 440 2073 de
463 2007 557 2074 factis
582 2009 751 2074 ordinariis
776 2008 854 2074 nihil
875 2009 1035 2090 dicamus,
1061 2014 1174 2093 utpote
1198 2027 1333 2090 quorum
1465 1999 1473 2016 '

122 2092 271 2159 internam
286 2093 547 2175 probabilitatem
562 2095 698 2176 quisque
713 2095 873 2176 concedit,
895 2095 967 2176 ipsa
989 2095 1086 2161 etiam
1108 2093 1262 2160 miracula
1276 2095 1337 2159 hac

123 2197 156 2242 11
169 2184 259 2260 parte
275 2177 470 2244 sufficienter
480 2180 633 2246 vindicari
648 2186 777 2264 queunt.
807 2180 935 2246 Etenim
951 2185 1073 2246 certum
1088 2186 1121 2247 et
1135 2179 1338 2246 manifestum

123 2269 181 2345 est,
196 2285 347 2349 magnum
361 2271 429 2330 tam
444 2265 465 2329 J
466 2266 657 2347 udaeorum,
673 2286 769 2348 quam
785 2266 984 2332 ethnicorum
997 2285 1163 2332 numerum
1178 2285 1237 2348 per
1251 2266 1337 2347 Apo-

124 2349 216 2416 stolos
230 2351 274 2416 ad
289 2351 475 2432 religionem
490 2351 695 2417 christianam
711 2371 782 2419 esse
794 2371 988 2418 conversum.
1017 2352 1160 2418 Eventus
1174 2353 1226 2418 hic
1240 2351 1338 2434 expli·

124 2436 182 2500 cari
202 2437 330 2518 nequit,
352 2437 415 2503 nisi
438 2456 510 2504 cum
534 2438 831 2520 supernaturalibus
851 2438 915 2503 illis
931 2438 1050 2505 Christi
1065 2443 1098 2505 et
1111 2437 1338 2520 Apostolorum

122 2519 206 2588 factis
231 2523 265 2588 in
294 2541 463 2590 causarum
487 2543 570 2590 nexu
596 2524 763 2607 cogitetur.
806 2525 916 2607 Longe
940 2524 1069 2606 plurimi
1094 2542 1231 2607 namque
1252 2522 1338 2588 illius

122 2609 230 2674 aetatis
244 2609 391 2676 homines
414 2610 614 2676 sensualitati
629 2610 731 2676 dediti
745 2610 797 2676 vix
818 2610 900 2676 tales
923 2615 1027 2690 crant,
1054 2612 1109 2692 qui
1131 2609 1199 2676 sold
1213 2608 1338 2674 interna

122 2692 279 2761 doctrinae
295 2694 415 2760 Christi
436 2696 573 2762 veritate
588 2714 625 2761 ac
639 2697 839 2777 praestantia
860 2696 970 2778 agnita
983 2697 1026 2761 ad
1041 2715 1111 2792 eam
1126 2693 1338 2777 profitendam

123 2797 207 2846 coeco
222 2782 364 2862 quodam
378 2782 501 2863 impetu
516 2782 579 2846 acti
591 2781 819 2862 convolassent,
836 2787 869 2846 et
883 2800 988 2846 mores
1003 2800 1078 2847 suos
1094 2800 1216 2862 suaque
1231 2780 1338 2845 studia

122 2864 183 2945 ejus
205 2867 387 2948 praeceptis
412 2886 430 2933 e
453 2867 609 2932 diametro
633 2868 781 2949 opposita
804 2868 846 2932 ad
866 2867 935 2948 ejus
955 2885 1098 2931 normam
1118 2866 1337 2946 correxissent,

121 2952 288 3034 praecipue
303 2971 375 3017 cum
389 2952 468 3018 nihil
482 2952 693 3034 promitteret,
712 2953 799 3034 quod
814 2952 922 3018 sensui
937 2956 1063 3018 terreno
1079 2951 1245 3017 arrideret.
1289 2951 1337 3015 Eo

121 3035 217 3102 minus
232 3038 277 3102 ad
291 3038 447 3104 honorum
462 3056 723 3121 quorumcunque
738 3038 955 3118 terrestrium,
978 3037 1041 3102 imo
1056 3037 1142 3102 vitae
1155 3037 1258 3118 ipsius
1269 3036 1337 3118 Jac-

121 3126 221 3187 turam
235 3122 414 3190 faciendam
429 3125 509 3190 adeo
525 3124 631 3206 parati
645 3123 787 3206 fuissent,
803 3125 858 3206 qui
873 3123 975 3189 solum
990 3128 1118 3188 terrena
1132 3121 1336 3204 appetebant,

121 3213 150 3271 11
162 3208 364 3292 voluptatum
379 3210 572 3276 sensualium
588 3211 703 3275 studiis
723 3210 824 3276 dediti
847 3216 953 3290 erant,
977 3209 1038 3274 nisi
1060 3206 1238 3274 adfuissent
1254 3207 1337 3289 ejus·

121 3295 200 3358 modi
216 3299 350 3361 eventus
366 3295 625 3378 supernaturales
641 3295 838 3378 (miracula),
861 3296 917 3378 qui
938 3295 1061 3362 altioris
1075 3293 1247 3376 potestatis
1262 3311 1337 3374 ope-

120 3380 255 3447 rationes
271 3400 334 3447 non
348 3387 498 3464 poterant
512 3401 575 3448 non
596 3382 742 3464 agnosci,
765 3401 877 3448 sensus
898 3382 1061 3448 hominum
1083 3381 1223 3446 nondum
1244 3378 1339 3460 plane

122 3464 348 3534 obduratorum
362 3468 591 3550 percellebant,
613 3468 768 3550 originem
783 3467 953 3534 coelestem
968 3466 1132 3532 doctrinae
1146 3464 1339 3544 christianae

120 3548 293 3618 luculenter
317 3553 497 3635 probabant
522 3547 694 3636 omnesque
720 3553 917 3633 excitabant,
944 3553 1061 3634 quibus
1086 3552 1198 3616 datum
1224 3554 1294 3616 erat
1319 3568 1339 3614 a

121 3633 213 3704 Patre
227 3638 396 3722 luminum,
411 3645 448 3706 ut
462 3641 505 3706 ad
519 3639 637 3720 Deum,
656 3638 736 3722 legis
751 3639 880 3704 moralis
895 3643 1058 3703 auctorem
1069 3637 1258 3719 justumque
1271 3635 1338 3701 vin·

121 3720 218 3871 difien]
239 3729 380 3791 mentem
402 3726 579 3807 elevarent,
603 3730 636 3790 et
657 3725 700 3790 ad
713 3724 854 3790 animum
867 3725 900 3789 in
914 3723 1027 3789 melius
1041 3723 1230 3789 mutandum
1244 3721 1337 3805 proni

121 3810 336 3878 raderentur.
647 3865 649 3870 ,

201 3896 259 3961 Ad
274 3894 304 3980 c)
325 3896 489 3978 Doctrina,
506 3915 589 3978 quae
603 3896 636 3961 in
650 3895 689 3960 N.
705 3896 740 3961 T.
755 3895 847 3961 libris
863 3895 1050 3976 continetur,
1066 3899 1100 3960 et
1114 3895 1135 3962 J
1137 3913 1194 3962 esu
1209 3894 1338 3961 charac-

121 3979 183 4061 ter,
206 3982 311 4063 qualis
333 3983 541 4063 describitur,
565 3981 606 4048 ab
629 3981 814 4048 auctoribus
828 3981 946 4047 nostris
960 3979 1037 4064 fingi
1055 4000 1118 4046 uon
1132 3981 1247 4062 potuit.
1290 3979 1340 4044 De

123 4062 263 4134 doctrina
279 4069 496 4150 conferantur,
519 4087 602 4150 quae
616 4067 644 4150 ξ.
661 4068 731 4134 103.
747 4067 893 4132 diximus.
908 4103 955 4118 -·
973 4067 1066 4145 Quod
1080 4068 1197 4132 attinet
1211 4067 1340 4131 charac-

123 4151 220 4218 terem
231 4153 252 4220 J
254 4173 320 4236 esu,
336 4154 440 4237 quaHs
455 4155 488 4220 in
498 4152 537 4219 N.
550 4154 584 4220 T.
598 4153 785 4236 dehneatur,
802 4158 836 4219 et
850 4152 981 4219 consilia
996 4157 1100 4219 totum
1114 4171 1215 4235 genus
1229 4153 1340 4217 huma·

123 4253 194 4303 uum
207 4240 446 4322 amplectentia,
462 4239 570 4323 qualia
586 4239 712 4306 Christo
727 4240 928 4306 tribuuntur:
953 4239 1032 4305 haec
1046 4257 1066 4303 a
1080 4239 1157 4304 viris
1170 4237 1339 4318 illiteratis,

123 4318 245 4391 incultis
261 4326 425 4394 Galilaeae
439 4325 662 4409 piscatoribus,
682 4325 887 4409 praejudiciis
902 4324 1047 4407 pluribus
1062 4324 1103 4390 de
1117 4323 1236 4390 Massia
1251 4322 1340 4389 dedi-

123 4405 179 4492 tis,
200 4430 402 4496 nequaquam
415 4411 550 4481 inveniri
563 4416 727 4495 poterant,
751 4413 850 4494 idque
865 4430 902 4477 eo
917 4411 1037 4490 miuus,
1062 4429 1134 4475 cum
1153 4427 1194 4474 nc
1215 4408 1341 4492 sapien-

124 4491 235 4564 tissimi
258 4499 388 4584 qnidem
409 4497 610 4583 antiquitatis
636 4497 836 4581 legislatores
861 4500 894 4564 et
913 4495 1094 4579 philosophi
1115 4500 1182 4561 tam
1205 4494 1340 4579 grandia

125 4597 259 4665 unquam
273 4587 417 4669 ceperint
431 4584 578 4665 consilia3
601 4584 657 4650 scd
672 4585 715 4650 ad
730 4602 889 4650 summum
907 4583 1068 4649 nationem
1086 4599 1178 4648 suam
1192 4599 1340 4680 respexe
1376 4641 1379 4648 .
