3356 5176
735 355 975 418 *3-

237 519 399 585 librorum
418 522 456 586 N.
473 523 507 588 T.
527 523 663 590 feliciter
683 527 854 591 succedere
873 546 935 591 non
955 546 1066 608 posse,
1090 529 1189 594 cuivis
1210 529 1467 594 hermeneuticae

236 606 380 672 biblicae
394 626 494 688 gnaro
510 609 715 675 manifestum
731 618 789 676 est.

814 834 842 915 a
866 836 895 899 a

504 969 624 1021 Variae
637 983 799 1021 sacrorum
811 972 852 1022 N.
865 972 900 1022 T.
912 971 1070 1022 librorum
1083 973 1208 1024 classes.

328 1123 417 1186 Libri
433 1122 515 1188 sacri
530 1123 568 1187 N.
586 1123 636 1203 T.,
660 1124 930 1207 siargumentum
946 1146 1056 1192 eorum
1070 1147 1090 1191 a
1104 1128 1222 1209 potiori
1236 1133 1330 1209 parte
1345 1134 1469 1209 specte-

236 1215 305 1289 tur,
328 1209 361 1273 in
375 1214 442 1273 tres
458 1209 645 1273 dividuntur
660 1210 790 1275 classes:
814 1213 848 1274 ia
864 1213 1035 1292 historicos,
1060 1213 1234 1276 az'doca'cos
1250 1226 1278 1276 et
1292 1215 1325 1275 c'o
1337 1213 1469 1298 prophe-

236 1298 350 1358 ticum
381 1331 423 1338 —-
451 1295 503 1358 Ad
528 1295 664 1376 primam
690 1296 825 1361 classem
850 1297 1019 1378 (librorum
1044 1298 1282 1381 historicorum)
1307 1299 1470 1380 pertinent

237 1385 384 1462 quatuor
399 1380 563 1462 evangelia
579 1386 611 1446 et
626 1386 718 1446 actus
733 1383 974 1465 Apostolorum,
990 1385 1032 1448 ad
1048 1384 1183 1449 alteram
1199 1385 1406 1466 (scriptorum
1422 1385 1470 1448 di-

239 1466 457 1549 dactioorum)
470 1466 626 1548 epistolae
640 1469 753 1550 viginti
768 1488 840 1549 una,
858 1475 890 1533 et
904 1470 983 1534 haec
999 1471 1110 1535 classis
1127 1470 1342 1536 subdividitur
1355 1471 1388 1534 in
1404 1471 1470 1551 epi-

237 1553 344 1617 stolas
362 1553 520 1616 Paotiaac
542 1554 784 1634 quatuordecim
808 1561 840 1620 et
861 1556 894 1618 in
917 1555 1089 1619 catholicos
1111 1562 1248 1637 septem;
1276 1557 1318 1620 ad
1340 1557 1470 1621 tertiam

239 1638 333 1718 (libri
347 1639 540 1720 prophetici)
556 1640 758 1721 apocalypsis
773 1641 794 1704 J
796 1641 915 1705 oannis.

329 1723 418 1788 Alias
433 1725 606 1790 divisiones
620 1725 653 1789 in
668 1727 808 1791 sectione
823 1727 976 1790 historica
992 1727 1318 1792 commemorabimus.

817 1947 844 2029 s.
867 1949 897 2012 4.

264 2085 388 2134 Fontes
399 2065 653 2135 introductionis
665 2084 701 2134 in
712 2095 752 2134 ss.
765 2085 807 2135 N.
820 2085 855 2136 T.
867 2085 968 2136 libros
986 2084 1116 2145 ejusque
1128 2085 1293 2138 succincta
1304 2085 1448 2136 historia.

333 2238 357 2302 I.
380 2239 432 2302 Ad
446 2237 550 2303 fontes
566 2237 753 2320 disciplinae
767 2245 897 2304 nostrae
912 2240 1087 2321 pertinent:

335 2326 361 2388 1.
384 2325 452 2406 Ipsi
468 2324 551 2388 sacri
565 2324 603 2389 N.
620 2324 655 2390 T.
672 2330 834 2406 auctores,
858 2331 971 2406 utpote
993 2326 1048 2406 qui
1066 2326 1160 2407 plura
1179 2331 1213 2390 et
1226 2325 1358 2390 indubia
1374 2325 1472 2390 conti-

239 2417 323 2476 nent
333 2410 451 2474 indicia
463 2411 503 2475 de
514 2416 676 2491 tempore,
685 2410 763 2491 loco,
777 2412 951 2492 occasione,
965 2411 1104 2493 consilio,
1117 2413 1157 2476 de
1168 2412 1280 2492 primis
1290 2411 1472 2490 lectoribus

240 2498 287 2562 de
306 2495 473 2561 authentia
494 2500 526 2561 et
546 2497 730 2578 axiopistia,
755 2503 788 2561 et
807 2498 863 2578 qui
881 2499 914 2561 in
930 2517 968 2563 ea
982 2499 1080 2579 positi
1095 2503 1169 2562 sunt
1183 2496 1338 2562 relatione
1352 2502 1473 2576 mutua,

240 2588 283 2647 ut
298 2582 360 2646 sibi
374 2583 509 2647 invicem
524 2583 742 2647 testimonium
757 2583 947 2664 perhibeant
962 2590 995 2648 et
1010 2603 1045 2648 se
1060 2590 1171 2649 mutuo
1185 2583 1355 2648 illustrent.

332 2668 361 2731 2.
385 2669 566 2748 Scriptores
582 2668 656 2733 eccl.
672 2669 848 2750 primorum
869 2675 1008 2749 quatuor
1027 2668 1241 2749 saeculorum,
1265 2688 1401 2750 quorum
1421 2669 1475 2732 alii

240 2755 377 2837 quidem
398 2753 524 2818 nonnisi
545 2754 622 2818 data
644 2756 810 2820 occasione
831 2774 935 2836 pauca
958 2757 1180 2837 suppeditant,
1205 2760 1242 2819 ut
1265 2775 1288 2820 s.
1312 2756 1475 2833 Irenaeus,

240 2841 392 2906 Clemens
407 2840 506 2919 Alea,
531 2859 555 2904 s.
571 2841 780 2921 Epiphanius,
805 2860 829 2904 s.
845 2842 1057 2922 Augustinus
1081 2840 1135 2905 alii
1150 2859 1226 2905 vero
1241 2841 1414 2905 historicae
1428 2841 1475 2904 in-

239 2926 451 3008 vestigationi
474 2926 600 2990 subnixi
623 2933 655 2991 et
678 2927 752 2991 crisi
773 2932 901 2991 utentes
926 2932 1036 3006 partes
1062 2926 1241 3006 isagogicas
1269 2946 1306 2990 ex
1330 2924 1474 3006 professo

239 3016 396 3091 tractant,
413 3017 450 3075 ut
465 3012 629 3093 Origenes,
644 3011 805 3076 Eusebius
823 3012 922 3091 Caes,
940 3031 963 3075 s.
979 3012 1193 3091 Hieronymus
1209 3016 1268 3075 etc.

332 3099 361 3162 3.
390 3097 497 3182 Effata
516 3104 549 3162 et
569 3099 700 3163 decreta
722 3098 926 3162 conciliorum
945 3097 1189 3179 particularium
1209 3102 1242 3161 et
1257 3096 1475 3161 oecumenico-

241 3203 333 3263 rum,
354 3184 587 3248 declarationes
604 3183 810 3249 ecclesiarum
825 3183 1006 3248 antistitum
1022 3183 1192 3264 solemnes,
1216 3188 1253 3246 ut
1268 3201 1292 3247 a.
1307 3182 1475 3246 Athanasii

241 3269 352 3349 Alex,
368 3269 544 3334 Innocentii
559 3270 598 3350 I.,
613 3270 647 3333 in
662 3270 779 3351 quibus
795 3271 913 3352 quippe
928 3269 1060 3334 traditio
1075 3270 1208 3350 antiqua
1223 3270 1263 3334 de
1277 3268 1368 3333 libris
1384 3287 1477 3334 cano-

183 3403 187 3409 ·
241 3355 328 3420 nicis
343 3355 466 3419 sancita
480 3355 678 3436 proponitur.

333 3441 363 3503 4.
388 3440 663 3506 Commentatores
678 3441 787 3506 biblici
802 3441 941 3506 omnium
962 3446 1157 3522 temporum,
1181 3441 1236 3520 qui
1255 3440 1394 3520 propriis
1410 3445 1477 3502 stu-

245 3526 312 3590 diis
328 3526 526 3608 singulorum
540 3527 578 3590 N.
595 3527 629 3591 T.
645 3527 800 3592 librorum
815 3527 981 3591 historiam
996 3527 1210 3604 illustrarunt,
1234 3526 1343 3606 sicque
1361 3525 1403 3588 ad
1425 3543 1477 3589 ex-

245 3611 384 3678 colenda
399 3631 437 3678 ea
453 3613 665 3694 contulerunt,
689 3632 772 3694 quae
796 3614 837 3676 ad
851 3613 1120 3678 introductionem
1135 3610 1306 3691 specialem
1322 3613 1477 3692 spectant.

244 3698 396 3779 Denique

336 3785 365 3848 5.
388 3802 498 3849 omnes
514 3784 696 3865 scriptores,
712 3785 768 3865 qui
783 3784 935 3848 materias
950 3783 1129 3864 isagogicas
1146 3782 1381 3847 exauctoribus
1396 3781 1478 3845 anti-

246 3869 418 3952 quioribus
440 3869 649 3951 collegerunt,
674 3874 707 3935 et
729 3870 803 3934 crisi
827 3871 970 3934 adhibita
992 3869 1024 3932 in
1045 3869 1188 3933 ordinem
1208 3869 1419 3949 redegerunt,
1442 3870 1479 3929 ut

246 3957 269 4022 J
271 3955 391 4020 unilius
405 3954 587 4035 Africanus,
611 3956 836 4036 Cassiodorus,
857 3954 1027 4020 Euthalius
1041 3954 1130 4018 Alex,
1147 3961 1180 4019 et
1195 3955 1248 4034 al,
1273 3960 1330 4018 aut
1345 3953 1400 4035 qui
1415 3952 1478 4016 sin-

246 4041 511 4191 gulasmaterias
527 4060 564 4106 ac
579 4043 783 4122 quaestiones
798 4041 986 4122 profundius
1001 4045 1192 4120 tractarunt,
1208 4060 1236 4105 v.
1249 4060 1278 4122 g.
1287 4039 1326 4104 N.
1336 4039 1371 4102 T.
1388 4039 1479 4101 chro-

245 4147 292 4194 no
306 4145 420 4208 ogram.

339 4214 379 4276 Η.
403 4213 554 4290 Quamvis
569 4213 814 4279 introductionis
829 4213 862 4277 in
878 4231 918 4277 ss.
933 4213 971 4276 N.
989 4212 1023 4276 T.
1045 4213 1145 4277 libros
1168 4231 1292 4276 summa
1313 4210 1355 4274 sit
1374 4208 1479 4290 gravi-

245 4307 314 4379 tas,
330 4298 461 4379 utilitas,
482 4305 514 4364 et
529 4299 557 4364 si
571 4299 738 4382 theologos
753 4299 915 4380 respicias,
935 4298 1111 4362 necessitas
1126 4299 1298 4363 maxima:1
1323 4293 1480 4375 antiquis·
1502 4367 1503 4370 Ἴ

247 4437 457 4448 ..ρ-ψ...-

326 4523 336 4554 ¹
353 4517 406 4572 cfr.
419 4519 558 4587 epistolam
576 4535 597 4572 s.
609 4519 765 4588 Hieronymi
782 4519 817 4572 ad
829 4518 970 4572 Paulinum
987 4533 1035 4570 seu
1051 4516 1190 4584 prologum
1207 4515 1356 4584 galeatum,
1377 4514 1423 4568 ubi
1441 4514 1482 4567 vir

247 4587 376 4642 eruditus
393 4589 507 4656 castigat
519 4604 575 4655 eos,
595 4588 640 4656 qui
653 4588 731 4654 „sine
747 4588 854 4656 praevio
867 4595 894 4641 et
906 4593 1070 4640 monstrante
1081 4586 1174 4638 viam“
1188 4601 1208 4638 s.
1222 4585 1382 4652 scripturam
1399 4583 1481 4635 inter-

247 4655 358 4727 pretari
370 4657 505 4712 auderent.

1243 4739 1277 4790 1*
