3428 5180
662 325 729 333 --
772 288 946 354 325-

744 509 772 590 ξ.
789 509 861 574 216.

599 643 763 707 'epistolae
774 647 1005 708 argumentum.

277 797 362 860 Ante
384 795 490 860 omnia
511 815 535 861 s.
558 795 699 863 loannes
722 800 750 878 1,
774 798 865 863 1-4,
888 797 1037 877 affirmat,
1065 814 1109 876 se,
1132 815 1215 877 quae
1237 797 1352 864 doceat
1374 799 1414 864 de

189 881 290 962 Lego,
306 885 510 962 praesentem
524 887 640 947 testem
656 883 833 949 certissime
849 883 1044 965 cognovisse,
1064 882 1202 962 ideoque
1216 882 1355 964 tradere,
1377 890 1414 948 ut

189 965 331 1033 lectores
347 966 598 1033 communionem
612 968 752 1033 habeant
768 987 840 1034 curn
854 969 923 1034 Deo
939 967 1038 1033 Patre
1053 974 1087 1032 et
1102 966 1237 1032 Christo.
1273 969 1356 1035 Dein
1371 969 1414 1034 ad

188 1051 427 1116 institutionem
442 1057 475 1117 et
489 1052 737 1119 admonitionem
750 1055 910 1120 transiens
925 1053 1017 1119 dicit:
1035 1052 1140 1118 Deum
1154 1053 1258 1119 lucem
1273 1053 1413 1136 (purum,

190 1137 353 1219 sanctum)
363 1154 443 1216 esse,
458 1137 617 1204 hominem
631 1138 732 1220 igitur
746 1139 963 1206 communione
975 1157 1047 1204 cum
1054 1139 1153 1204 Patre
1162 1137 1226 1203 frui
1236 1158 1298 1204 non
1308 1158 1413 1221 posse,

189 1221 255 1287 nisi
270 1240 289 1286 a
303 1221 445 1303 peccatis
460 1222 629 1302 abstineat,
646 1230 687 1303 et,
703 1225 731 1289 si
744 1225 934 1306 peccaverit,
949 1225 1026 1290 vera
1040 1224 1235 1306 poenitentia
1249 1243 1308 1305 per
1323 1223 1413 1289 Obri-

189 1311 288 1386 stum,
303 1306 547 1388 propitiatorem
561 1315 716 1389 nostrum,
732 1329 804 1374 cum
818 1312 887 1375 Deo
902 1310 1124 1376 reconcilietur
1140 1312 1168 1388 1,
1182 1311 1277 1389 5-2‚
1291 1310 1320 1375 2.

277 1393 387 1473 Addit,
408 1411 518 1458 veram
532 1412 604 1458 curn
618 1395 688 1458 Deo
704 1401 736 1460 et
752 1395 879 1460 Christo
895 1395 1147 1461 communionem
1161 1395 1295 1474 ostendi,
1316 1395 1345 1460 si
1358 1414 1413 1460 vo·

185 1477 298 1542 luntas
313 1478 375 1543 Dei
390 1477 587 1560 observetur,
611 1478 731 1545 Christi
744 1480 905 1560 mandata,
925 1480 1070 1562 inprimis
1089 1485 1297 1561 praeceptum
1312 1480 1415 1546 chari·

184 1563 269 1628 tatis
291 1581 368 1644 erga
388 1563 567 1644 proximum
589 1564 762 1646 impleatur
776 1567 805 1646 2,
820 1567 935 1630 2-11,
979 1565 1162 1631 Praemisso
1176 1565 1250 1630 dein
1264 1565 1415 1631 observa-

185 1649 289 1728 tione,
312 1665 348 1714 se
361 1647 482 1713 talibus
497 1648 647 1729 scribere,
669 1651 726 1732 qui
738 1651 801 1717 Dei
823 1649 975 1716 beneficio
989 1650 1143 1715 illustrati
1158 1654 1191 1715 et
1203 1649 1359 1716 facultate
1372 1652 1415 1715 ad

186 1738 281 1799 recte
295 1735 455 1816 agendum
469 1735 609 1816 praediti
623 1735 687 1800 sint
702 1734 744 1816 (v.
761 1736 896 1800 12-14,
912 1735 982 1801 coll.
992 1754 1022 1799 v.
1033 1736 1083 1800 20.
1098 1734 1174 1816 21),
1189 1734 1325 1801 lectores
1340 1736 1413 1800 hor-

186 1824 291 1898 tatur,
314 1824 385 1884 uta
404 1819 515 1883 mundi
534 1837 643 1885 amore
664 1820 847 1886 abstineant
869 1839 972 1903 eoque
985 1821 1088 1902 magis
1100 1820 1171 1885 Deo
1186 1821 1413 1902 obsequantur,

185 1923 290 1986 quum
305 1904 486 1970 antichristi
499 1904 730 1971 insurrexerint
744 1906 835 1987 varii,
856 1905 890 1970 in
903 1906 1011 1988 specie
1025 1906 1118 1986 telae,
1141 1905 1196 1986 qui
1210 1911 1336 1987 negent,
1357 1906 1378 1970 J
1380 1925 1412 1972 e-

186 2009 262 2055 sum
278 2007 350 2056 esse
366 1988 543 2078 Christum3
565 1989 624 2056 hos
638 2009 702 2056 non
716 2009 788 2057 esse
802 1990 987 2072 audiendos,
1010 1992 1068 2057 sed
1083 1991 1247 2057 doctrinae
1261 1997 1414 2072 acceptae

184 2075 324 2141 firmiter
337 2075 567 2140 inhaerendum
581 2080 689 2141 monet
703 2077 733 2156 2,
751 2077 884 2142 15-28.

273 2161 354 2227 Post
371 2160 452 2226 haec
470 2161 578 2226 docet:
600 2161 684 2226 sicut
697 2161 787 2227 Deus
798 2163 907 2244 justus
922 2166 986 2242 est,
1008 2162 1055 2226 ita
1071 2167 1104 2226 et
1117 2160 1276 2226 hominem
1287 2161 1412 2243 justum

187 2263 261 2311 esse
282 2246 410 2326 debere,
432 2250 469 2310 ut
489 2245 532 2310 sit
552 2243 637 2310 filius
652 2247 722 2326 Dei,
746 2252 779 2313 et
800 2246 902 2329 glorie
922 2246 1093 2328 ahquando
1114 2243 1324 2312 etbeatitatc
1338 2265 1411 2329 per-

185 2331 328 2411 innatum
352 2336 564 2410 cumcontra,
587 2332 643 2413 qui
657 2338 783 2413 peccat,
808 2350 879 2398 esse
892 2330 992 2397 filium
1008 2331 1143 2412 diaboh,
1165 2331 1199 2395 in
1213 2332 1321 2412 specie
1335 2351 1412 2408 vero
1431 2337 1434 2344 '

85 2412 88 2422 '
188 2435 271 2496 curn,
287 2415 343 2496 qui
358 2415 426 2490 odit
439 2413 582 2496 fratrem,
597 2416 789 2482 homicidam
805 2435 876 2482 esse
891 2418 921 2497 2,
936 2418 1050 2496 29-3,
1069 2416 1117 2481 lb.

276 2500 475 2566 Obaritatem
488 2502 550 2566 Dei
566 2502 685 2567 Christi
699 2503 794 2582 facto,
809 2503 829 2567 i.
846 2521 871 2568 e.
887 2509 991 2568 morte
1005 2500 1143 2568 tolerata
1158 2497 1413 2566 demonstratam

165 2637 168 2644 .
184 2586 351 2666 exemplar
364 2587 514 2668 proponit
530 2587 698 2653 charitatis
711 2607 773 2653 non
787 2587 895 2668 verbo,
911 2585 968 2653 sed
982 2587 1067 2653 facto
1081 2586 1276 2668 probandae,
1292 2591 1325 2652 et
1336 2605 1411 2669 par-

182 2677 254 2738 tem
267 2671 349 2736 hanc
365 2671 519 2752 epistolae
534 2671 654 2737 claudit
669 2673 858 2752 observans,
882 2692 970 2753 eum,
993 2674 1048 2753 qui
1067 2671 1229 2753 perfectae
1244 2672 1410 2738 charitatis

186 2757 252 2823 sibi
271 2757 415 2822 conscius
435 2756 493 2835 sit,
515 2757 642 2837 plenam
662 2758 694 2822 in
709 2759 779 2823 Deo
793 2756 943 2822 fiduciam
959 2757 1114 2822 collocare
1127 2775 1240 2838 posse,
1263 2758 1410 2838 donaque

185 2842 329 2926 Spiritus
344 2859 368 2906 s.
385 2848 507 2907 certum
522 2859 593 2907 esse
607 2843 835 2908 communionis
850 2861 922 2907 cum
936 2843 1005 2906 Deo
1019 2842 1170 2906 indicium
1185 2844 1215 2922 3,
1231 2842 1365 2906 16-24,

272 2927 429 3009 Adjungit
442 2927 606 3007 monitum,
621 2947 683 2992 non
698 2927 798 2992 cuivis
814 2927 950 3008 spiritui,
966 2927 1024 2992 sed
1035 2927 1065 2991 ei
1076 2931 1209 3006 tanturn,
1225 2927 1281 3008 qui
1293 2927 1408 2993 eereo

183 3017 247 3093 est,
262 3011 359 3077 fidem
374 3029 445 3077 esse
458 3011 646 3091 habendam,
662 3013 828 3093 speciatim
842 3031 917 3078 vero
930 3031 985 3078 eos
996 3012 1294 3094 pseudoprophetas
1306 3013 1409 3077 vitan·

183 3099 247 3164 dos
263 3115 334 3164 esse
349 3096 449 3163 veluti
464 3097 580 3177 spiritu
594 3097 784 3163 Antichristi
798 3098 964 3177 animatos,
980 3098 1036 3178 qui
1050 3101 1175 3178 negent,
1191 3096 1212 3161 J
1213 3115 1303 3162 esum
1319 3096 1409 3162 Chri-

182 3188 274 3249 stum
288 3183 322 3247 in
337 3201 431 3247 carne
445 3182 580 3262 venisse,
593 3183 624 3264 4,
641 3183 732 3246 1-6.

272 3268 412 3333 Posthac
426 3266 520 3333 docet
534 3285 616 3346 eum,
632 3268 687 3347 qui
695 3267 818 3348 Spiritu
833 3268 894 3332 div.
906 3285 1018 3333 revera
1032 3267 1202 3346 animatur,
1218 3265 1407 3333 charitatem

182 3353 307 3419 habere
328 3353 455 3432 debere,
477 3352 552 3434 quia
572 3352 643 3434 ipse
657 3353 746 3418 Deus
769 3353 908 3418 charitas
930 3357 988 3433 est,
1012 3357 1044 3417 et
1066 3351 1255 3417 charitatem
1277 3350 1407 3432 quidem

149 3505 151 3510 ,
184 3445 255 3504 tarn
278 3455 355 3521 erga
374 3438 487 3518 Deum,
510 3437 565 3519 qui
585 3437 674 3518 prior
694 3457 751 3503 nos
773 3437 893 3518 dilexit,
915 3456 1011 3519 quarn
1032 3456 1108 3517 erga
1128 3437 1316 3517 proximum,
1339 3437 1408 3502 sine

186 3524 279 3605 cujus
294 3523 463 3590 dilectione
476 3541 535 3588 nec
550 3523 611 3588 Dei
626 3522 755 3588 dilectio
769 3523 874 3588 locum
888 3523 1007 3588 habere
1021 3526 1129 3603 potest
1143 3523 1174 3602 4,
1191 3522 1283 3601 7-5,
1298 3522 1328 3586 4.
1343 3561 1347 3570 ·

273 3609 415 3674 Tandem
429 3607 492 3672 fide
506 3608 540 3672 in
554 3608 575 3672 J
577 3627 676 3687 esum,
695 3607 756 3672 Dei
770 3608 895 3687 Filium,
916 3608 1068 3671 mundum
1082 3606 1165 3671 vinci
1180 3607 1305 3686 asserit,
1321 3625 1407 3672 eam-

186 3712 251 3775 que
267 3699 299 3760 et
312 3692 493 3778 firmissimo
508 3693 568 3757 niti
581 3692 786 3758 fundamento
802 3691 891 3758 etad
906 3693 1042 3757 salutem
1057 3710 1178 3756 summe
1193 3693 1408 3758 necessariam

186 3797 259 3846 esse
273 3779 351 3844 dicit
363 3778 394 3859 5,
408 3778 523 3844 5-12.

274 3864 427 3944 Sequitur
442 3862 600 3928 conclusio
617 3862 787 3944 epistolae,
811 3881 875 3943 qua
890 3880 915 3926 s.
931 3862 952 3926 J
954 3880 1071 3927 oannes
1086 3861 1210 3943 prodit,
1231 3861 1332 3927 fuisse
1347 3862 1408 3927 sibi

187 3949 353 4015 consilium
375 3948 511 4014 lectores
532 3948 709 4027 monendi,
726 3966 781 4012 eos
802 3952 928 4012 tantum
952 3947 1038 4012 ritae
1062 3952 1212 4013 aeternae
1232 3947 1407 4028 participes
1496 4006 1499 4016 .

185 4033 258 4100 fieri
278 4051 383 4115 posse,
403 4033 458 4115 qui
480 4031 649 4114 genuinam
668 4032 808 4098 habeant
829 4031 925 4097 fidem
947 4033 1107 4098 inlesum
1123 4033 1293 4098 Christum.
1337 4032 1407 4098 Hos

186 4119 286 4186 etiam
308 4119 340 4183 in
361 4117 510 4200 precibus
531 4117 634 4182 aDeo
657 4118 800 4183 exaudiri
822 4116 967 4182 affirmat.
1011 4118 1112 4182 Addit
1129 4117 1273 4198 regulam
1293 4136 1406 4197 preces

183 4224 245 4287 pro
261 4204 332 4269 aliis
348 4207 597 4282 concamentem,
613 4208 646 4268 et
660 4202 829 4284 epistolam
843 4201 913 4267 finit
926 4221 1057 4268 monens
1071 4202 1217 4282 lectores,
1232 4207 1273 4267 ut
1280 4202 1322 4267 ab
1337 4203 1406 4267 ido-

183 4290 227 4354 hs
242 4289 303 4355 sibi
318 4294 451 4374 caveant
465 4289 495 4368 5,
512 4287 647 4353 13-21.

185 4494 211 4558 3,
225 4491 266 4544 24.
279 4507 340 4544 cum
352 4506 391 4544 ev.
404 4489 446 4554 14,
457 4489 511 4557 23.;
529 4487 554 4553 4,
567 4489 591 4541 6.
604 4501 665 4540 cum
678 4501 717 4541 er.
730 4487 755 4552 8,
768 4485 823 4554 413
841 4485 865 4551 4,
878 4486 918 4538 19.
932 4502 992 4540 cum
1005 4500 1044 4540 ev.
1057 4487 1081 4553 3,
1094 4488 1147 4554 16.;
1165 4487 1190 4552 4,
1204 4488 1243 4540 12.
1257 4503 1316 4541 cum
1328 4502 1367 4542 ev.
1381 4489 1405 4555 1,

187 4562 244 4628 18.;
263 4561 287 4624 5,
299 4560 323 4612 9.
337 4558 377 4612 10.
391 4574 452 4612 cum
464 4573 503 4612 er.
515 4557 540 4622 5,
552 4555 593 4610 32.
607 4556 648 4609 36.
660 4554 715 4624 313
733 4558 759 4621 5,
772 4557 812 4611 13.
825 4569 886 4608 curn
899 4569 938 4608 ev.
950 4555 992 4619 20,
1004 4555 1060 4622 24,
1081 4555 1105 4621 5,
1118 4556 1159 4610 20.
1172 4571 1232 4609 cum
1244 4571 1282 4610 ev.
1298 4560 1320 4622 1,
1334 4559 1356 4610 l.
1369 4557 1404 4610 al.
