3364 5156
790 375 857 381 a
901 339 965 404 224
1008 377 1075 385 ——

410 509 582 589 Taticmo,
604 527 628 574 s.
652 509 772 574 Justiui
794 509 947 590 Martyris
970 510 1184 592 discipulus,1
1213 512 1246 575 in
1268 513 1413 578 oratione
1435 518 1539 578 contra

321 594 462 660 Graecos
478 594 615 660 citatJo.
630 596 658 674 1,
670 596 699 659 3.
713 601 746 659 et
756 596 786 659 5.
810 595 985 661 Praeterea
1001 597 1070 678 ejus
1085 596 1294 678 evangehum,
1311 598 1367 664 διὰ
1381 599 1540 683 τεσσάρων

321 680 452 758 dictum,
467 679 579 762 procul
594 680 692 745 dubio
708 699 726 745 e
741 684 880 761 quatuor
891 682 1063 764 evangeliis
1076 682 1243 762 canonicis
1260 689 1293 748 et
1304 682 1437 764 proinde
1449 685 1540 749 etiam

322 783 360 830 en
373 765 428 831 illo
443 766 576 833 loannis
592 771 663 830 erat
677 767 906 830 concinnatum.

407 852 436 916 3.
465 851 642 936 Reliquae
657 850 763 916 clamet.
779 851 973 916 adoereon'i:
998 850 1116 933 Celsos,
1131 852 1328 939 Porphyrius
1347 859 1381 920 et
1394 853 1542 919 Julianus

322 949 476 1022 apostata,
499 936 697 1002 authentiam
711 937 949 1019 evangeliorum
968 941 1151 1004 nostrorum
1166 945 1373 1021 agnoverunt,
1397 944 1429 1006 et
1444 940 1543 1005 solum

323 1041 433 1088 eorum
448 1030 671 1103 argumentum
686 1023 942 1104 ἰιιιριιςιιαιιιιιῖ.2
977 1023 1085 1088 Effata
1099 1024 1193 1105 plura
1209 1025 1365 1107 evangelii
1380 1025 1401 1089 J
1403 1027 1513 1090 oannis
1527 1046 1544 1090 a

321 1107 416 1257 I(llelgo
430 1107 620 1190 impugnata
635 1109 790 1191 Origenes
806 1110 1078 1174 commemoratio
1094 1129 1192 1191 opere
1214 1127 1272 1176 suo
1293 1118 1405 1176 contra
1421 1110 1543 1176 Celsum

407 1279 617 1360 Evangehum
640 1279 772 1344 Joannis
795 1299 856 1344 non
879 1280 1008 1361 quidem
1030 1281 1174 1362 agnitum
1197 1287 1247 1346 est
1268 1281 1309 1346 ab
1331 1281 1546 1360 Ebionitis,a

322 1363 486 1444 Nazareis,
499 1365 539 1428 ab
548 1365 668 1446 Alogis,
681 1384 701 1428 a
712 1364 857 1445 pluribus
870 1365 966 1430 sectis
978 1366 1141 1447 gnosticis
1153 1366 1391 1445 aManichaeis3
1407 1371 1546 1431 attamen

322 1456 431 1514 sectae
445 1450 532 1529 illae,
553 1454 590 1513 ut
605 1451 646 1514 de
661 1450 731 1516 aliis
747 1450 924 1516 rationibus
939 1450 1017 1515 nihil
1032 1451 1189 1531 dicamus,
1213 1470 1284 1517 cum
1299 1451 1546 1517 orthodoxorum

322 1535 456 1599 testium
470 1535 555 1600 nube
570 1542 603 1601 et
619 1554 690 1600 cum
709 1534 909 1601 universalis·
922 1536 1075 1602 ecclesiae
1098 1555 1253 1602 consensu
1273 1543 1480 1618 comparatae
1499 1537 1547 1601 vix

322 1619 355 1683 in
371 1637 501 1685 censum
515 1620 653 1686 veniunt.

877 1757 904 1838 e.
924 1759 994 1822 149.

844 1895 1028 1955 Integritas.

409 2046 586 2112 Authentia
599 2048 770 2128 pericopae
785 2065 805 2111 a
821 2049 849 2127 l,
864 2048 980 2127 53-8,
998 2048 1096 2114 liet
1110 2049 1228 2129 integri
1243 2049 1359 2129 capitis
1374 2049 1438 2130 21,
1454 2055 1550 2131 atque

322 2130 457 2279 pfoinde
473 2133 629 2214 evangehi
643 2133 745 2198 nostri
764 2133 934 2214 integritas
954 2152 974 2197 a
988 2133 1134 2213 pluribus
1148 2134 1181 2198 in
1197 2133 1329 2199 dubium
1343 2142 1483 2200 vocatur
1497 2142 1550 2200 aut

323 2235 344 2296 p
358 2234 418 2281 ane
433 2222 578 2296 negatur.

409 2301 433 2364 I.
464 2301 621 2384 Pericopa
642 2301 697 2366 illa
716 2304 757 2368 de
777 2303 910 2368 muliere
931 2303 1078 2368 adultera
1098 2304 1276 2370 rationibus
1297 2304 1433 2372 internis
1450 2310 1486 2371 et
1501 2324 1549 2370 ex-

323 2385 424 2450 ternis
438 2386 653 2469 impugnatur.

408 2472 453 2554 A)
474 2473 627 2536 Barbara
642 2477 806 2538 r'nternaes.

411 2560 439 2621 1.
469 2559 518 2623 Re
532 2559 565 2623 in
580 2578 615 2624 se
631 2559 831 2625 considerata
845 2557 1013 2640 probabile
1027 2578 1090 2624 non
1110 2565 1172 2640 est,
1195 2560 1387 2625 Pharisaeos
1402 2579 1441 2626 ac
1455 2559 1550 2643 legis·

324 2642 456 2722 peritos,
472 2643 767 2710 vehementissimos
782 2646 862 2710 lesu
877 2644 1088 2724 adversarios,
1108 2664 1223 2711 munus
1239 2647 1268 2712 ei
1282 2645 1437 2722 tribuisse
1451 2646 1550 2711 hono

324 2725 456 2808 rificum,
472 2734 509 2793 ut
519 2729 660 2811 judicem
675 2736 787 2812 ageret
802 2731 842 2796 de
857 2729 990 2795 nubere
1005 2730 1161 2795 adultera.

410 2816 505 2896 Resp.
535 2815 566 2879 N
567 2835 607 2880 on
622 2821 659 2880 ut
673 2835 789 2882 munus
804 2817 824 2881 J
827 2835 884 2882 esu
898 2815 1078 2881 tribuerent
1093 2814 1309 2896 honorificum,
1326 2817 1384 2881 sed
1398 2821 1437 2880 ut
1453 2835 1551 2898 quae-

322 2900 459 2966 stionem
481 2902 511 2966 ei
532 2907 748 2982 proponerent
770 2902 956 2983 captiosam,
977 2901 1157 2966 adulteram
1179 2902 1391 2982 adduxerunt,
1414 2907 1453 2965 ut
1479 2921 1550 2968 eum

321 2987 493 3051 accusandi
506 2987 685 3052 invenirent
699 2988 907 3052 occasionem.

408 3073 436 3135 2.
468 3071 621 3148 Quaestio
637 3072 765 3138 Christo
787 3072 954 3154 proposita
975 3091 1178 3152 nequaquam
1201 3076 1271 3136 erat
1293 3071 1452 3152 captiosa;
1478 3091 1551 3136 narn

322 3157 350 3221 si
371 3176 508 3237 poenam
529 3157 600 3238 lege
616 3163 772 3222 statutam
788 3158 993 3236 decrevisset,
1018 3157 1095 3221 nihil
1114 3158 1236 3238 aderat,
1260 3158 1350 3238 cujus
1367 3176 1441 3222 eum
1456 3176 1551 3223 accu-

321 3247 439 3310 sarent.

407 3329 502 3407 Resp.
533 3326 686 3403 Quaestio
700 3329 868 3408 proposita
883 3327 1009 3392 omnino
1032 3336 1102 3392 erat
1122 3327 1279 3407 captiosa;
1302 3327 1330 3391 si
1352 3329 1436 3391 enim
1452 3328 1551 3393 Jesus

320 3412 525 3493 lapidationis
547 3431 684 3492 poenam
707 3413 910 3492 decrevisset,
932 3430 1005 3477 eum
1027 3413 1114 3493 apud
1135 3420 1377 3492 procuratorem
1399 3431 1551 3478 accusas-

321 3502 401 3577 sent,
417 3498 503 3578 quod
518 3497 538 3561 J
540 3498 661 3562 udaeos
677 3497 864 3562 sollicitaret
878 3499 920 3562 ad
935 3497 1138 3579 infligendam
1154 3498 1269 3579 capitis
1283 3517 1419 3580 poenam
1432 3499 1550 3563 Romo-

321 3601 434 3647 norum
455 3583 581 3665 legibus
604 3584 810 3662 contrariam
833 3601 906 3650 nam
926 3583 1019 3664 juxta
1037 3583 1165 3648 illorum
1186 3584 1327 3648 codicem
1351 3582 1551 3648 criminalem

320 3685 424 3747 neque
446 3668 639 3733 adulterium
661 3673 765 3734 morte
788 3674 859 3734 erat
880 3669 1090 3750 puniendum,
1117 3687 1221 3748 neque
1242 3668 1449 3749 lapidationis
1474 3687 1550 3748 sup·

320 3751 451 3832 plicium
466 3753 530 3818 ullo
544 3754 577 3817 in
592 3772 669 3818 casu
684 3754 814 3819 hcitum.
853 3753 975 3830 Quodsi
989 3772 1066 3818 vero
1083 3753 1229 3818 Christus
1244 3754 1403 3829 mitiorem
1418 3753 1550 3818 tulisset

322 3837 526 3916 sententiam,
549 3857 622 3902 eum
638 3857 744 3903 coram
760 3839 908 3920 synedrio
924 3839 1044 3918 Moysis
1060 3845 1289 3904 contemtorem
1305 3843 1338 3903 et
1352 3837 1434 3920 legis
1449 3839 1550 3903 viola-

321 3927 424 3987 torem
440 3923 630 4003 arguissent,
647 3929 680 3988 et
695 3925 789 3988 simul
804 3924 1030 3996 auctoritatem
1046 3923 1114 4004 ejus
1129 3925 1161 3988 in
1173 3923 1292 4005 populo
1301 3923 1548 3988 imminuissent.

406 4008 435 4072 3.
458 4008 651 4088 Legisperiti
666 4028 729 4072 non
743 4009 925 4091 potuissent
939 4009 1168 4089 lapidationem
1183 4009 1346 4074 nominare
1361 4027 1502 4090 poenam
1517 4008 1550 4071 in

320 4093 501 4158 adulteram
520 4092 592 4173 lege
612 4098 781 4173 statutam3
808 4113 881 4158 nam
896 4095 992 4158 Dent.
1008 4095 1059 4174 22,
1076 4095 1125 4158 22.
1155 4093 1325 4174 Levit20,
1342 4094 1390 4156 11.
1415 4094 1456 4158 de
1479 4092 1549 4158 solo

319 4178 432 4245 mortis
448 4177 603 4259 supplicio
619 4196 723 4243 sermo
740 4185 798 4244 est.

405 4266 500 4344 Resp.
530 4263 662 4328 Denter.
679 4265 729 4343 22,
745 4265 795 4329 23.
811 4265 861 4328 24.
877 4263 1082 4344 lapidationis
1097 4282 1201 4344 poena
1214 4282 1328 4329 revera
1342 4262 1503 4327 statuitur
1516 4261 1550 4325 in

321 4367 479 4429 sponsam,
495 4367 579 4429 quae
594 4348 627 4413 in
642 4348 772 4414 civitate
786 4369 807 4414 a
822 4350 962 4431 quodam
976 4347 1073 4413 fuerit
1089 4354 1249 4430 corrupta,
1266 4354 1299 4414 et
1313 4348 1345 4413 in
1360 4348 1431 4429 ipso
1446 4345 1549 4412 forni-

321 4487 523 4494 -——.---—-

389 4553 398 4584 ¹
414 4550 543 4604 Irenaeus
556 4550 614 4604 adv.
627 4551 731 4604 haeres.
744 4551 765 4604 I.
778 4551 820 4604 31.

387 4619 398 4651 ²
415 4616 470 4670 Gfr.
483 4621 505 4685 ξ.
519 4619 560 4672 92.
