3364 5156
637 254 921 318 -247—

721 423 748 506 s.
769 426 839 490 157.

414 559 451 660 2)
478 559 642 655 Epistola
658 560 707 634 Π.
726 559 773 633 ad
792 559 1145 635 Thessalonicenses,

252 743 396 810 Socanda
419 746 465 810 od
477 745 765 811 Thessalonicenses
787 748 920 833 epistola
936 751 1060 832 pransae
1082 751 1178 833 qnasi
1194 749 1394 834 complemen-

165 847 230 896 tnm
245 845 307 913 est5
321 851 395 896 uam
412 831 481 898 coll.
496 833 521 897 l.
537 852 586 914 ep.
602 834 632 913 2,
650 834 699 897 17.
718 833 766 898 18.
782 834 987 899 vehementer
1002 835 1209 900 desiderabat
1218 835 1394 916 Apostolus

164 917 272 982 redire
288 917 330 980 ad
346 915 654 998 Thessalonicenses,
671 926 704 984 et
719 919 787 985 coll.
804 921 833 998 3,
851 921 899 984 10.
915 938 935 984 a
950 920 1028 1000 Deo,
1050 927 1087 984 ut
1107 920 1173 984 voti
1193 921 1288 1002 huJus
1309 940 1394 986 oom-

163 1022 224 1084 pos
239 1001 341 1080 fieret,
363 1004 513 1084 precibus
530 1005 671 1084 expetiit,
694 1010 731 1069 ut
746 1005 895 1069 ninrirum
911 1005 1110 1071 sermonibus
1126 1006 1193 1070 suis
1209 1006 1393 1087 compleret,

163 1107 249 1169 quae
264 1088 398 1152 deerant
406 1088 736 1155 Thessalonicensium
749 1089 837 1169 fidei;
853 1091 951 1155 variis
966 1097 1075 1156 autem
1090 1091 1226 1172 negotiis
1242 1101 1275 1156 et
1287 1092 1393 1156 causis

162 1173 347 1254 impeditus,
371 1174 540 1254 quominus
562 1176 604 1239 ad
626 1195 681 1240 eos
704 1182 929 1255 reverteretur,
951 1196 1010 1259 per
1029 1177 1111 1240 hano
1132 1176 1301 1257 epistolam
1315 1176 1393 1242 facit

162 1260 290 1338 absens,
307 1259 394 1338 quod
408 1258 537 1325 lecisset
551 1280 713 1342 praesens,
729 1259 826 1325 fidem
841 1262 963 1326 scihcet
978 1261 1308 1327 Thessalonicensium
1323 1262 1392 1327 lau-

162 1345 236 1423 dat,
257 1343 418 1409 laudando
442 1346 589 1426 roborat,
611 1365 702 1428 spem
722 1345 846 1427 firmat,
867 1348 990 1413 animos
1017 1347 1112 1428 erigit
1138 1348 1180 1411 ad
1207 1353 1392 1412 constanter

160 1430 351 1511 patiendum
370 1450 429 1512 pro
446 1429 582 1496 Christo.
605 1468 648 1476 —
670 1432 707 1496 ln
728 1432 845 1514 prioris
868 1433 1022 1513 epistolae
1044 1451 1069 1498 c.
1084 1433 1114 1496 4.
1132 1440 1164 1497 et
1178 1432 1208 1497 5.
1224 1433 1265 1497 de
1285 1451 1392 1498 resur-

162 1516 306 1580 rectione
321 1521 520 1580 mortuorum
536 1525 568 1582 et
584 1518 624 1582 de
639 1516 778 1599 glorioso
788 1516 907 1598 Christi
923 1518 1063 1582 adventu
1079 1524 1190 1599 egerat
1204 1517 1247 1582 ad
1255 1517 1392 1583 Thessa-

160 1601 340 1666 lonicenses
359 1601 391 1664 in
412 1620 544 1667 suorum
565 1603 655 1667 obitu
676 1603 893 1669 consolandos.
939 1604 1021 1680 Quia
1040 1622 1115 1667 vero
1137 1603 1177 1668 de
1192 1605 1392 1684 utroqueita

160 1686 289 1752 locutus
303 1694 397 1766 erat,
421 1696 457 1750 ut
479 1691 509 1766 4,
532 1688 580 1752 15.
603 1689 707 1768 prima
728 1706 866 1769 persona
886 1687 1003 1769 plurali
1024 1693 1185 1774 uteretur,
1208 1693 1241 1753 et
1262 1688 1293 1768 5,
1316 1689 1345 1752 2.
1360 1689 1391 1752 4.

161 1771 463 1837 Thessalonicenses
485 1773 528 1836 ad
547 1773 744 1854 vigilantiam
765 1772 960 1853 hortaretur,
983 1793 1022 1838 ne
1043 1774 1221 1853 imparatos
1244 1792 1299 1838 eos
1321 1773 1391 1838 dies

159 1857 217 1921 illa
232 1864 387 1937 tanquam
401 1856 453 1920 iur
469 1859 766 1940 comprehenderet:
782 1856 919 1922 lectores
935 1858 1009 1923 iude
1025 1858 1226 1939 colligebant,
1242 1858 1328 1923 diem
1340 1859 1392 1939 jn·

160 1942 239 2006 dicii
261 1941 395 2007 extremi
415 1943 506 2008 brevi
520 1944 656 2022 instare;
680 1944 763 2008 hunc
779 1962 919 2008 errorem
936 1942 1134 2008 confirmavit
1148 1943 1306 2024 impostor
1321 1945 1391 2024 qui-

158 2028 237 2091 dam
258 2034 327 2091 tum
347 2025 431 2092 fictis
446 2029 709 2104 revelationibus,
731 2034 799 2092 tum
815 2028 990 2109 suppositis
1006 2047 1030 2093 s.
1046 2028 1148 2093 Paulo
1163 2029 1274 2092 literis.
1304 2029 1391 2110 Apo-

158 2112 265 2177 stolus
288 2113 398 2192 itaque
420 2113 595 2179 lectoribus
621 2116 653 2180 in
678 2113 864 2179 memoriam
891 2115 1085 2193 revocando,
1114 2113 1192 2194 quid
1217 2114 1391 2179 adventum

159 2197 284 2262 Christi
303 2199 498 2279 praecedere
521 2200 654 2280 debeat,
678 2218 843 2264 erroneam
860 2218 971 2263 eorum
986 2200 1177 2264 sententiam
1193 2199 1334 2281 corrigit.
1348 2235 1392 2244 —

158 2284 196 2347 ln
214 2281 322 2363 priore
339 2283 474 2364 epistola
488 2286 518 2364 ὁ,
537 2286 585 2349 14.
602 2285 722 2351 otiosos
738 2285 894 2365 quosdam
910 2289 943 2349 et
962 2285 1122 2365 inquietos
1144 2284 1260 2365 corrigi
1280 2285 1391 2365 voluit,

158 2375 192 2433 et
211 2367 287 2448 quia
302 2386 356 2433 eos
371 2369 512 2433 nondum
527 2371 712 2435 emendatos
735 2389 806 2434 esse
821 2369 982 2449 audierat,
1005 2371 1037 2434 in
1053 2371 1113 2434 hac
1129 2370 1265 2451 epistola
1280 2389 1300 2434 a
1315 2370 1345 2450 3,
1362 2370 1391 2434 6.

156 2453 233 2518 illos
249 2453 393 2518 seuerius
408 2463 524 2520 monet.
540 2492 582 2500 —
598 2456 740 2521 Tandem
755 2455 881 2536 signum
897 2455 954 2518 dat
965 2454 1311 2535 Thessalonicensibus,
1327 2471 1391 2536 quo

156 2540 264 2620 ipsius
278 2537 389 2604 literas
405 2541 559 2621 genuinas
574 2561 594 2606 a
609 2541 784 2623 suppositis
800 2541 1018 2622 dignoscant.1

249 2623 397 2708 Epistola
413 2623 456 2688 ΙΙ.
473 2625 519 2689 ad
535 2626 638 2690 Thess.
653 2649 716 2690 non
732 2627 787 2690 dnn
798 2638 871 2710 post
881 2628 1022 2710 peonnam
1030 2674 1039 2706 ,
1064 2624 1232 2710 etquidem
1249 2623 1396 2689 Corinthi

158 2731 248 2772 anno
263 2708 314 2772 53.
332 2724 386 2774 ant
401 2711 453 2772 54.
469 2711 589 2795 scripta
605 2725 664 2793 est;
684 2731 757 2776 nam
772 2731 834 2776 non
849 2718 976 2774 tantum
991 2708 1096 2775 status
1113 2710 1275 2789 ecclesiae,
1290 2710 1392 2774 virtu·

158 2800 214 2860 tes
230 2800 263 2858 et
277 2795 356 2859 vitia
371 2796 526 2860 lectorum
543 2796 656 2861 eadem
671 2803 776 2874 erant,
799 2796 856 2860 sed
871 2793 1046 2876 Apostolus
1063 2796 1091 2873 1,
1109 2796 1136 2858 1.
1152 2801 1282 2876 praeter
1303 2813 1338 2859 se
1359 2800 1392 2860 et

159 2880 366 2944 Timotheum
386 2881 529 2945 nominat
549 2881 646 2945 etiam
661 2879 842 2960 Silvanum,
865 2881 920 2960 qui
934 2880 1059 2944 nonnisi
1073 2880 1106 2943 in
1122 2880 1261 2944 secundo
1276 2879 1391 2944 itinere
1488 2903 1489 2906 ¹

157 2964 347 3030 interPauli
363 2967 495 3030 comites
512 2972 791 3043 commemoratur,
806 2965 880 3029 hinc
894 2963 1014 3028 nullam
1029 2963 1125 3029 fidem
1140 2970 1303 3028 merentur
1315 2963 1390 3029 sub·

158 3050 354 3131 scriptiones
381 3056 413 3115 et
441 3051 665 3116 nonnullorum
694 3051 887 3130 sententiae,
926 3048 1095 3131 epistolam
1125 3055 1289 3114 exaratam
1320 3067 1391 3114 esse

157 3135 298 3199 Athenis
323 3134 545 3215 (Theodoret.,
571 3136 758 3216 EuthahuS,
785 3134 875 3200 codd.
901 3135 992 3216 ΑΒ),
1019 3140 1076 3199 aut
1101 3135 1222 3200 Romae
1249 3133 1390 3216 (synops.

157 3220 317 3284 Athenas.
334 3225 367 3285 et
379 3222 615 3303 oecumenius),
630 3230 687 3288 aut
701 3221 881 3286 Laodiceae
895 3220 927 3284 in
942 3220 1064 3284 Pisidia
1080 3219 1267 3302 (Peschito).

279 3455 320 3540 Β)
343 3455 509 3543 Epistolae
524 3458 620 3524 Pauli
635 3457 786 3545 Apostoli
799 3458 833 3523 in
853 3457 955 3523 tertio
970 3455 1090 3522 itinere
1106 3456 1226 3521 exarat
1248 3474 1276 3521 e.

543 3629 578 3728 1)
605 3627 768 3723 Epistola
786 3584 833 3700 au
851 3626 1014 3700 carana.

718 3797 745 3877 s.
765 3797 835 3861 158.

471 3933 520 3983 De
533 3933 657 3985 Galatis
672 3945 846 3992 eorumque
863 3932 1081 3983 conversione.

253 4081 389 4148 Galatae
403 4098 493 4149 nant
506 4086 627 4149 incolae
643 4083 802 4165 Galatiae,
813 4084 997 4168 provinciae
1017 4084 1050 4146 in
1065 4084 1148 4147 Aac
1168 4085 1288 4148 minori
1300 4085 1388 4148 sitne.

164 4169 260 4244 Quod
281 4170 398 4234 attinet
414 4170 602 4236 Galatarum
623 4171 773 4255 oripinen
796 4169 1033 4252 intentansque,
1057 4167 1224 4248 sequentia
1244 4169 1390 4233 innotue-

164 4263 254 4317 runt:
271 4255 379 4319 Tertio
394 4255 640 4320 antechristum
655 4255 783 4320 saeculo
799 4253 898 4334 (circa
912 4273 1029 4318 annum
1044 4254 1131 4335 280.)
1147 4254 1230 4318 duae
1245 4254 1390 4335 gentium

163 4525 182 4578 b
235 4455 330 4578 3803:
348 4457 404 4510 Der
421 4460 545 4526 κατέχων
562 4455 610 4510 des
621 4455 656 4508 II.
669 4453 995 4510 Thessaloniker-Briefes
1010 4468 1061 4507 ron
1073 4453 1121 4506 Dr.
1134 4453 1245 4508 Grimm.
1268 4453 1390 4522 Regens·

183 4541 233 4594 urg
254 4585 255 4588 Ἴ
314 4558 326 4577 .=

633 4663 648 4700 b
