<?xml version="1.0" encoding="UTF-8"?>
<!DOCTYPE html PUBLIC "-//W3C//DTD XHTML 1.0 Transitional//EN"
    "http://www.w3.org/TR/xhtml1/DTD/xhtml1-transitional.dtd">
<html xmlns="http://www.w3.org/1999/xhtml" xml:lang="en" lang="en">
 <head>
  <title>
</title>
<meta http-equiv="Content-Type" content="text/html;charset=utf-8" />
  <meta name='ocr-system' content='tesseract 3.04.00' />
  <meta name='ocr-capabilities' content='ocr_page ocr_carea ocr_par ocr_line ocrx_word'/>
</head>
<body>
  <div class='ocr_page' id='page_1' title='image "./introductioinsa00gngoog_0028.png"; bbox 0 0 3356 5176; ppageno 0'>
   <div class='ocr_carea' id='block_1_1' title="bbox 618 297 880 362">
    <p class='ocr_par' dir='ltr' id='par_1_1' title="bbox 618 297 880 362">
     <span class='ocr_line' id='line_1_1' title="bbox 618 297 880 362; baseline 0.008 -24"><span class='ocrx_word' id='word_1_1' title='bbox 618 297 880 362; x_wconf 63' lang='lat'>-13-</span> 
     </span>
    </p>
   </div>
   <div class='ocr_carea' id='block_1_2' title="bbox 126 463 1367 3895">
    <p class='ocr_par' dir='ltr' id='par_1_2' title="bbox 136 463 1361 628">
     <span class='ocr_line' id='line_1_2' title="bbox 136 463 1361 548; baseline 0.002 -20"><span class='ocrx_word' id='word_1_2' title='bbox 136 463 423 545; x_wconf 78' lang='lat' dir='ltr'>amphitheatrum,</span> <span class='ocrx_word' id='word_1_3' title='bbox 447 470 481 530; x_wconf 91' lang='lat' dir='ltr'>et</span> <span class='ocrx_word' id='word_1_4' title='bbox 499 465 637 546; x_wconf 88' lang='lat' dir='ltr'>denique</span> <span class='ocrx_word' id='word_1_5' title='bbox 657 466 690 530; x_wconf 92' lang='lat' dir='ltr'>in</span> <span class='ocrx_word' id='word_1_6' title='bbox 712 467 783 548; x_wconf 94' lang='lat' dir='ltr'>ipsa</span> <span class='ocrx_word' id='word_1_7' title='bbox 805 467 935 532; x_wconf 87' lang='lat' dir='ltr'>civitate</span> <span class='ocrx_word' id='word_1_8' title='bbox 949 471 1061 533; x_wconf 90' lang='lat' dir='ltr'>sancta</span> <span class='ocrx_word' id='word_1_9' title='bbox 1075 467 1238 532; x_wconf 82' lang='lat' dir='ltr'>theatrum</span> <span class='ocrx_word' id='word_1_10' title='bbox 1252 465 1361 531; x_wconf 87' lang='lat' dir='ltr'>aedifi-</span> 
     </span>
     <span class='ocr_line' id='line_1_3' title="bbox 137 551 1087 628; baseline -0.001 -14"><span class='ocrx_word' id='word_1_11' title='bbox 137 551 238 628; x_wconf 78' lang='lat' dir='ltr'>cavit3</span> <span class='ocrx_word' id='word_1_12' title='bbox 1085 572 1087 576; x_wconf 90' lang='lat'>·</span> 
     </span>
    </p>

    <p class='ocr_par' dir='ltr' id='par_1_3' title="bbox 136 636 1361 890">
     <span class='ocr_line' id='line_1_4' title="bbox 212 636 1361 720; baseline 0.002 -21"><span class='ocrx_word' id='word_1_13' title='bbox 212 636 257 719; x_wconf 71' lang='lat' dir='ltr'>f)</span> <span class='ocrx_word' id='word_1_14' title='bbox 287 636 458 717; x_wconf 83' lang='lat' dir='ltr'>postremis</span> <span class='ocrx_word' id='word_1_15' title='bbox 481 636 677 717; x_wconf 89' lang='lat' dir='ltr'>reipubhcae</span> <span class='ocrx_word' id='word_1_16' title='bbox 695 639 844 719; x_wconf 92' lang='lat' dir='ltr'>judaicae</span> <span class='ocrx_word' id='word_1_17' title='bbox 870 639 1068 720; x_wconf 84' lang='lat' dir='ltr'>temporibus</span> <span class='ocrx_word' id='word_1_18' title='bbox 1094 639 1302 720; x_wconf 81' lang='lat' dir='ltr'>magistratus</span> <span class='ocrx_word' id='word_1_19' title='bbox 1329 641 1361 702; x_wconf 95' lang='lat' dir='ltr'>et</span> 
     </span>
     <span class='ocr_line' id='line_1_5' title="bbox 136 719 1361 806; baseline 0.003 -23"><span class='ocrx_word' id='word_1_20' title='bbox 136 719 253 785; x_wconf 88' lang='lat' dir='ltr'>mihtes</span> <span class='ocrx_word' id='word_1_21' title='bbox 268 721 392 786; x_wconf 90' lang='lat' dir='ltr'>romani</span> <span class='ocrx_word' id='word_1_22' title='bbox 405 721 630 787; x_wconf 88' lang='lat' dir='ltr'>inPalaestina</span> <span class='ocrx_word' id='word_1_23' title='bbox 643 723 771 806; x_wconf 86' lang='lat' dir='ltr'>hnguae</span> <span class='ocrx_word' id='word_1_24' title='bbox 786 743 922 806; x_wconf 87' lang='lat' dir='ltr'>graecae</span> <span class='ocrx_word' id='word_1_25' title='bbox 937 725 1150 806; x_wconf 89' lang='lat' dir='ltr'>cognitionem</span> <span class='ocrx_word' id='word_1_26' title='bbox 1164 724 1272 805; x_wconf 92' lang='lat' dir='ltr'>potius</span> <span class='ocrx_word' id='word_1_27' title='bbox 1287 743 1361 805; x_wconf 92' lang='lat' dir='ltr'>pro·</span> 
     </span>
     <span class='ocr_line' id='line_1_6' title="bbox 136 807 673 890; baseline 0.006 -21"><span class='ocrx_word' id='word_1_28' title='bbox 136 807 316 888; x_wconf 90' lang='lat' dir='ltr'>movebant,</span> <span class='ocrx_word' id='word_1_29' title='bbox 333 827 430 888; x_wconf 91' lang='lat' dir='ltr'>quam</span> <span class='ocrx_word' id='word_1_30' title='bbox 444 809 673 890; x_wconf 88' lang='lat' dir='ltr'>impediebant;</span> 
     </span>
    </p>

    <p class='ocr_par' dir='ltr' id='par_1_4' title="bbox 135 892 1362 1318">
     <span class='ocr_line' id='line_1_7' title="bbox 217 892 1361 1042; baseline 0.003 -86"><span class='ocrx_word' id='word_1_31' title='bbox 217 892 254 1042; x_wconf 52' lang='grc' dir='ltr'>ζ)</span> <span class='ocrx_word' id='word_1_32' title='bbox 278 893 375 957; x_wconf 91' lang='lat' dir='ltr'>etiam</span> <span class='ocrx_word' id='word_1_33' title='bbox 389 893 546 976; x_wconf 90' lang='lat' dir='ltr'>primores</span> <span class='ocrx_word' id='word_1_34' title='bbox 560 894 671 976; x_wconf 90' lang='lat' dir='ltr'>populi</span> <span class='ocrx_word' id='word_1_35' title='bbox 682 895 803 977; x_wconf 91' lang='lat' dir='ltr'>judaici</span> <span class='ocrx_word' id='word_1_36' title='bbox 823 895 951 977; x_wconf 89' lang='lat' dir='ltr'>hnguae</span> <span class='ocrx_word' id='word_1_37' title='bbox 966 914 1102 978; x_wconf 86' lang='lat' dir='ltr'>graecae</span> <span class='ocrx_word' id='word_1_38' title='bbox 1117 895 1284 972; x_wconf 88' lang='lat' dir='ltr'>obstacula</span> <span class='ocrx_word' id='word_1_39' title='bbox 1298 914 1361 959; x_wconf 90' lang='lat' dir='ltr'>non</span> 
     </span>
     <span class='ocr_line' id='line_1_8' title="bbox 135 980 1362 1064; baseline 0.002 -23"><span class='ocrx_word' id='word_1_40' title='bbox 135 997 217 1059; x_wconf 91' lang='lat' dir='ltr'>pone</span> <span class='ocrx_word' id='word_1_41' title='bbox 241 986 306 1058; x_wconf 88' lang='lat' dir='ltr'>ant,</span> <span class='ocrx_word' id='word_1_42' title='bbox 329 997 399 1044; x_wconf 88' lang='lat' dir='ltr'>eam</span> <span class='ocrx_word' id='word_1_43' title='bbox 421 980 529 1060; x_wconf 91' lang='lat' dir='ltr'>potius</span> <span class='ocrx_word' id='word_1_44' title='bbox 552 999 654 1061; x_wconf 90' lang='lat' dir='ltr'>usque</span> <span class='ocrx_word' id='word_1_45' title='bbox 676 982 718 1045; x_wconf 89' lang='lat' dir='ltr'>ad</span> <span class='ocrx_word' id='word_1_46' title='bbox 739 981 852 1046; x_wconf 88' lang='lat' dir='ltr'>ultima</span> <span class='ocrx_word' id='word_1_47' title='bbox 871 981 1066 1064; x_wconf 88' lang='lat' dir='ltr'>reipubhcae</span> <span class='ocrx_word' id='word_1_48' title='bbox 1087 987 1233 1062; x_wconf 90' lang='lat' dir='ltr'>tempora</span> <span class='ocrx_word' id='word_1_49' title='bbox 1254 981 1362 1062; x_wconf 89' lang='lat' dir='ltr'>magni</span> 
     </span>
     <span class='ocr_line' id='line_1_9' title="bbox 136 1063 1361 1149; baseline 0.002 -22"><span class='ocrx_word' id='word_1_50' title='bbox 136 1063 306 1145; x_wconf 89' lang='lat' dir='ltr'>habebant,</span> <span class='ocrx_word' id='word_1_51' title='bbox 322 1063 355 1128; x_wconf 91' lang='lat' dir='ltr'>in</span> <span class='ocrx_word' id='word_1_52' title='bbox 370 1065 520 1146; x_wconf 85' lang='lat' dir='ltr'>operibus</span> <span class='ocrx_word' id='word_1_53' title='bbox 536 1066 679 1147; x_wconf 88' lang='lat' dir='ltr'>eruditis,</span> <span class='ocrx_word' id='word_1_54' title='bbox 695 1068 759 1133; x_wconf 93' lang='lat' dir='ltr'>imo</span> <span class='ocrx_word' id='word_1_55' title='bbox 774 1067 806 1131; x_wconf 93' lang='lat' dir='ltr'>in</span> <span class='ocrx_word' id='word_1_56' title='bbox 821 1067 917 1132; x_wconf 91' lang='lat' dir='ltr'>rebus</span> <span class='ocrx_word' id='word_1_57' title='bbox 929 1067 1107 1149; x_wconf 90' lang='lat' dir='ltr'>judiciariis</span> <span class='ocrx_word' id='word_1_58' title='bbox 1123 1086 1195 1131; x_wconf 90' lang='lat' dir='ltr'>cum</span> <span class='ocrx_word' id='word_1_59' title='bbox 1209 1067 1361 1148; x_wconf 87' lang='lat' dir='ltr'>religione</span> 
     </span>
     <span class='ocr_line' id='line_1_10' title="bbox 135 1150 1362 1235; baseline 0.003 -23"><span class='ocrx_word' id='word_1_60' title='bbox 135 1150 167 1212; x_wconf 91' lang='lat' dir='ltr'>in</span> <span class='ocrx_word' id='word_1_61' title='bbox 189 1168 274 1214; x_wconf 84' lang='lat' dir='ltr'>nexu</span> <span class='ocrx_word' id='word_1_62' title='bbox 294 1150 409 1232; x_wconf 91' lang='lat' dir='ltr'>positis</span> <span class='ocrx_word' id='word_1_63' title='bbox 431 1169 502 1215; x_wconf 91' lang='lat' dir='ltr'>eam</span> <span class='ocrx_word' id='word_1_64' title='bbox 524 1151 671 1217; x_wconf 89' lang='lat' dir='ltr'>adhiberi</span> <span class='ocrx_word' id='word_1_65' title='bbox 691 1154 916 1233; x_wconf 85' lang='lat' dir='ltr'>concedebant,</span> <span class='ocrx_word' id='word_1_66' title='bbox 938 1173 966 1218; x_wconf 94' lang='lat' dir='ltr'>v.</span> <span class='ocrx_word' id='word_1_67' title='bbox 982 1173 1011 1235; x_wconf 87' lang='lat' dir='ltr'>g.</span> <span class='ocrx_word' id='word_1_68' title='bbox 1027 1154 1060 1217; x_wconf 94' lang='lat' dir='ltr'>in</span> <span class='ocrx_word' id='word_1_69' title='bbox 1075 1153 1241 1217; x_wconf 89' lang='lat' dir='ltr'>scribendo</span> <span class='ocrx_word' id='word_1_70' title='bbox 1261 1171 1299 1217; x_wconf 90' lang='lat' dir='ltr'>ac</span> <span class='ocrx_word' id='word_1_71' title='bbox 1319 1153 1362 1216; x_wconf 90' lang='lat' dir='ltr'>si·</span> 
     </span>
     <span class='ocr_line' id='line_1_11' title="bbox 137 1235 565 1318; baseline 0.007 -20"><span class='ocrx_word' id='word_1_72' title='bbox 137 1236 264 1316; x_wconf 87' lang='lat' dir='ltr'>gnando</span> <span class='ocrx_word' id='word_1_73' title='bbox 279 1235 387 1300; x_wconf 87' lang='lat' dir='ltr'>libello</span> <span class='ocrx_word' id='word_1_74' title='bbox 402 1237 565 1318; x_wconf 92' lang='lat' dir='ltr'>repudii;1</span> 
     </span>
    </p>

    <p class='ocr_par' dir='ltr' id='par_1_5' title="bbox 136 1321 1362 1576">
     <span class='ocr_line' id='line_1_12' title="bbox 220 1321 1362 1406; baseline 0.002 -21"><span class='ocrx_word' id='word_1_75' title='bbox 220 1322 255 1404; x_wconf 80' lang='grc'>1)</span> <span class='ocrx_word' id='word_1_76' title='bbox 277 1322 389 1403; x_wconf 85' lang='lat' dir='ltr'>ingens</span> <span class='ocrx_word' id='word_1_77' title='bbox 400 1321 598 1388; x_wconf 78' lang='lat' dir='ltr'>iudaeorum</span> <span class='ocrx_word' id='word_1_78' title='bbox 609 1329 791 1389; x_wconf 84' lang='lat' dir='ltr'>exterorum</span> <span class='ocrx_word' id='word_1_79' title='bbox 802 1325 918 1406; x_wconf 77' lang='lat' dir='ltr'>graeca</span> <span class='ocrx_word' id='word_1_80' title='bbox 929 1324 1087 1389; x_wconf 91' lang='lat' dir='ltr'>utentium</span> <span class='ocrx_word' id='word_1_81' title='bbox 1102 1343 1253 1388; x_wconf 90' lang='lat' dir='ltr'>numerus</span> <span class='ocrx_word' id='word_1_82' title='bbox 1269 1329 1362 1404; x_wconf 95' lang='lat' dir='ltr'>quot-</span> 
     </span>
     <span class='ocr_line' id='line_1_13' title="bbox 136 1407 1361 1490; baseline 0.002 -20"><span class='ocrx_word' id='word_1_83' title='bbox 136 1407 226 1470; x_wconf 87' lang='lat' dir='ltr'>annis</span> <span class='ocrx_word' id='word_1_84' title='bbox 245 1412 391 1488; x_wconf 87' lang='lat' dir='ltr'>temporc</span> <span class='ocrx_word' id='word_1_85' title='bbox 411 1407 567 1473; x_wconf 84' lang='lat' dir='ltr'>festorum</span> <span class='ocrx_word' id='word_1_86' title='bbox 589 1410 765 1474; x_wconf 90' lang='lat' dir='ltr'>solennium</span> <span class='ocrx_word' id='word_1_87' title='bbox 786 1411 828 1474; x_wconf 92' lang='lat' dir='ltr'>ad</span> <span class='ocrx_word' id='word_1_88' title='bbox 848 1429 941 1476; x_wconf 89' lang='lat' dir='ltr'>sacra</span> <span class='ocrx_word' id='word_1_89' title='bbox 961 1410 1152 1476; x_wconf 89' lang='lat' dir='ltr'>celebranda</span> <span class='ocrx_word' id='word_1_90' title='bbox 1177 1409 1361 1490; x_wconf 88' lang='lat' dir='ltr'>Hierosoly-</span> 
     </span>
     <span class='ocr_line' id='line_1_14' title="bbox 137 1493 652 1576; baseline 0.008 -20"><span class='ocrx_word' id='word_1_91' title='bbox 137 1511 221 1558; x_wconf 87' lang='lat' dir='ltr'>mam</span> <span class='ocrx_word' id='word_1_92' title='bbox 236 1493 345 1558; x_wconf 91' lang='lat' dir='ltr'>venire</span> <span class='ocrx_word' id='word_1_93' title='bbox 360 1493 498 1574; x_wconf 62' lang='lat' dir='ltr'>solebam</span> <span class='ocrx_word' id='word_1_94' title='bbox 515 1495 652 1576; x_wconf 90' lang='lat' dir='ltr'>denique</span> 
     </span>
    </p>

    <p class='ocr_par' dir='ltr' id='par_1_6' title="bbox 138 1579 1363 1836">
     <span class='ocr_line' id='line_1_15' title="bbox 220 1579 1363 1663; baseline 0.003 -21"><span class='ocrx_word' id='word_1_95' title='bbox 220 1579 250 1660; x_wconf 72' lang='lat' dir='ltr'>a)</span> <span class='ocrx_word' id='word_1_96' title='bbox 274 1579 343 1644; x_wconf 90' lang='grc'><strong>0011.</strong></span> <span class='ocrx_word' id='word_1_97' title='bbox 357 1579 428 1644; x_wconf 88' lang='lat' dir='ltr'>Act.</span> <span class='ocrx_word' id='word_1_98' title='bbox 444 1581 473 1661; x_wconf 82' lang='lat'>6,</span> <span class='ocrx_word' id='word_1_99' title='bbox 490 1582 690 1661; x_wconf 72' lang='grc'><strong>10100010</strong></span> <span class='ocrx_word' id='word_1_100' title='bbox 712 1582 784 1663; x_wconf 92' lang='lat' dir='ltr'>ipsa</span> <span class='ocrx_word' id='word_1_101' title='bbox 806 1581 976 1663; x_wconf 90' lang='lat' dir='ltr'>metropoli</span> <span class='ocrx_word' id='word_1_102' title='bbox 996 1587 1088 1646; x_wconf 88' lang='lat' dir='ltr'>erant</span> <span class='ocrx_word' id='word_1_103' title='bbox 1108 1586 1289 1646; x_wconf 85' lang='lat' dir='ltr'>exterorum</span> <span class='ocrx_word' id='word_1_104' title='bbox 1305 1580 1325 1645; x_wconf 87' lang='lat' dir='ltr'>J</span> <span class='ocrx_word' id='word_1_105' title='bbox 1327 1600 1363 1644; x_wconf 91' lang='lat' dir='ltr'>u-</span> 
     </span>
     <span class='ocr_line' id='line_1_16' title="bbox 138 1664 1361 1749; baseline 0.001 -21"><span class='ocrx_word' id='word_1_106' title='bbox 138 1664 291 1728; x_wconf 91' lang='lat' dir='ltr'>daeorum</span> <span class='ocrx_word' id='word_1_107' title='bbox 313 1665 450 1744; x_wconf 88' lang='lat' dir='ltr'>scholae,</span> <span class='ocrx_word' id='word_1_108' title='bbox 476 1672 513 1730; x_wconf 94' lang='lat' dir='ltr'>ut</span> <span class='ocrx_word' id='word_1_109' title='bbox 534 1666 781 1748; x_wconf 83' lang='lat' dir='ltr'>libertinorum,</span> <span class='ocrx_word' id='word_1_110' title='bbox 806 1667 1042 1749; x_wconf 82' lang='lat' dir='ltr'>Cyrenensium,</span> <span class='ocrx_word' id='word_1_111' title='bbox 1064 1667 1361 1746; x_wconf 82' lang='lat' dir='ltr'>Alexandrinorum,</span> 
     </span>
     <span class='ocr_line' id='line_1_17' title="bbox 139 1749 1277 1836; baseline 0.002 -23"><span class='ocrx_word' id='word_1_112' title='bbox 139 1749 266 1815; x_wconf 91' lang='lat' dir='ltr'>illorum</span> <span class='ocrx_word' id='word_1_113' title='bbox 282 1769 320 1814; x_wconf 82' lang='lat' dir='ltr'>ex</span> <span class='ocrx_word' id='word_1_114' title='bbox 333 1751 412 1816; x_wconf 89' lang='lat' dir='ltr'>Asia</span> <span class='ocrx_word' id='word_1_115' title='bbox 428 1758 461 1815; x_wconf 92' lang='grc'>01</span> <span class='ocrx_word' id='word_1_116' title='bbox 476 1770 494 1816; x_wconf 90' lang='grc'>0</span> <span class='ocrx_word' id='word_1_117' title='bbox 509 1751 629 1834; x_wconf 84' lang='lat' dir='ltr'>Cilicia,</span> <span class='ocrx_word' id='word_1_118' title='bbox 646 1753 701 1834; x_wconf 93' lang='lat' dir='ltr'>qui</span> <span class='ocrx_word' id='word_1_119' title='bbox 716 1773 824 1818; x_wconf 90' lang='lat' dir='ltr'>omnes</span> <span class='ocrx_word' id='word_1_120' title='bbox 840 1754 957 1836; x_wconf 76' lang='lat' dir='ltr'>graeca</span> <span class='ocrx_word' id='word_1_121' title='bbox 971 1752 1081 1835; x_wconf 74' lang='lat' dir='ltr'>bagua</span> <span class='ocrx_word' id='word_1_122' title='bbox 1095 1753 1277 1818; x_wconf 89' lang='lat' dir='ltr'>utebantur.</span> 
     </span>
    </p>

    <p class='ocr_par' dir='ltr' id='par_1_7' title="bbox 140 1836 1362 2088">
     <span class='ocr_line' id='line_1_18' title="bbox 222 1836 1362 1920; baseline -0.001 -19"><span class='ocrx_word' id='word_1_123' title='bbox 222 1836 314 1901; x_wconf 89' lang='lat' dir='ltr'>Haec</span> <span class='ocrx_word' id='word_1_124' title='bbox 326 1837 431 1901; x_wconf 89' lang='lat' dir='ltr'>omnia</span> <span class='ocrx_word' id='word_1_125' title='bbox 438 1836 459 1901; x_wconf 84' lang='lat' dir='ltr'><strong>J</strong></span> <span class='ocrx_word' id='word_1_126' title='bbox 460 1838 572 1903; x_wconf 89' lang='lat' dir='ltr'>udaeis</span> <span class='ocrx_word' id='word_1_127' title='bbox 582 1839 716 1920; x_wconf 89' lang='lat' dir='ltr'>palaest.</span> <span class='ocrx_word' id='word_1_128' title='bbox 732 1838 831 1904; x_wconf 89' lang='lat' dir='ltr'>veluti</span> <span class='ocrx_word' id='word_1_129' title='bbox 842 1841 977 1904; x_wconf 91' lang='lat' dir='ltr'>totidem</span> <span class='ocrx_word' id='word_1_130' title='bbox 993 1845 1086 1904; x_wconf 90' lang='lat' dir='ltr'>erant</span> <span class='ocrx_word' id='word_1_131' title='bbox 1099 1840 1305 1909; x_wconf 90' lang='lat' dir='ltr'>incitamenta</span> <span class='ocrx_word' id='word_1_132' title='bbox 1320 1838 1362 1901; x_wconf 90' lang='lat' dir='ltr'>ad</span> 
     </span>
     <span class='ocr_line' id='line_1_19' title="bbox 140 1922 1362 2006; baseline 0 -20"><span class='ocrx_word' id='word_1_133' title='bbox 140 1922 280 2004; x_wconf 89' lang='lat' dir='ltr'>hnguam</span> <span class='ocrx_word' id='word_1_134' title='bbox 300 1941 449 2004; x_wconf 81' lang='lat' dir='ltr'>graecam</span> <span class='ocrx_word' id='word_1_135' title='bbox 469 1924 697 1989; x_wconf 87' lang='lat' dir='ltr'>addiscendam</span> <span class='ocrx_word' id='word_1_136' title='bbox 711 1925 997 2006; x_wconf 86' lang='lat' dir='ltr'>adhibendamque.</span> <span class='ocrx_word' id='word_1_137' title='bbox 1012 1925 1213 2006; x_wconf 86' lang='lat' dir='ltr'>—Linguae</span> <span class='ocrx_word' id='word_1_138' title='bbox 1228 1941 1362 2005; x_wconf 86' lang='lat' dir='ltr'>graecae</span> 
     </span>
     <span class='ocr_line' id='line_1_20' title="bbox 141 2007 776 2088; baseline 0.005 -16"><span class='ocrx_word' id='word_1_139' title='bbox 141 2008 351 2088; x_wconf 88' lang='lat' dir='ltr'>cognitionem</span> <span class='ocrx_word' id='word_1_140' title='bbox 365 2007 397 2072; x_wconf 93' lang='grc'>111</span> <span class='ocrx_word' id='word_1_141' title='bbox 412 2008 594 2074; x_wconf 88' lang='lat' dir='ltr'>Palaestina</span> <span class='ocrx_word' id='word_1_142' title='bbox 610 2008 776 2076; x_wconf 89' lang='lat' dir='ltr'>confirmat</span> 
     </span>
    </p>

    <p class='ocr_par' dir='ltr' id='par_1_8' title="bbox 126 2094 1367 3207">
     <span class='ocr_line' id='line_1_21' title="bbox 222 2094 1362 2177; baseline 0.004 -22"><span class='ocrx_word' id='word_1_143' title='bbox 222 2094 251 2158; x_wconf 82' lang='lat'>2.</span> <span class='ocrx_word' id='word_1_144' title='bbox 274 2095 419 2157; x_wconf 65' lang='lat' dir='ltr'>Aristeae</span> <span class='ocrx_word' id='word_1_145' title='bbox 433 2096 574 2160; x_wconf 87' lang='lat' dir='ltr'>narratio</span> <span class='ocrx_word' id='word_1_146' title='bbox 590 2096 630 2160; x_wconf 95' lang='lat' dir='ltr'>de</span> <span class='ocrx_word' id='word_1_147' title='bbox 644 2095 799 2161; x_wconf 90' lang='lat' dir='ltr'>versionis</span> <span class='ocrx_word' id='word_1_148' title='bbox 815 2095 1026 2177; x_wconf 85' lang='lat' dir='ltr'>Septuaginta</span> <span class='ocrx_word' id='word_1_149' title='bbox 1042 2095 1164 2177; x_wconf 89' lang='lat' dir='ltr'>origine</span> <span class='ocrx_word' id='word_1_150' title='bbox 1186 2113 1206 2158; x_wconf 89' lang='lat' dir='ltr'>a</span> <span class='ocrx_word' id='word_1_151' title='bbox 1221 2094 1242 2159; x_wconf 88' lang='lat' dir='ltr'><strong>J</strong></span> <span class='ocrx_word' id='word_1_152' title='bbox 1243 2094 1362 2175; x_wconf 90' lang='lat' dir='ltr'>osepho</span> 
     </span>
     <span class='ocr_line' id='line_1_22' title="bbox 135 2179 1362 2264; baseline 0 -21"><span class='ocrx_word' id='word_1_153' title='bbox 135 2180 184 2244; x_wconf 79' lang='lat' dir='ltr'>Pl.</span> <span class='ocrx_word' id='word_1_154' title='bbox 204 2179 237 2243; x_wconf 93' lang='lat' dir='ltr'>in</span> <span class='ocrx_word' id='word_1_155' title='bbox 258 2198 339 2261; x_wconf 91' lang='lat' dir='ltr'>opus</span> <span class='ocrx_word' id='word_1_156' title='bbox 353 2179 592 2261; x_wconf 87' lang='lat' dir='ltr'>Antiquitatum</span> <span class='ocrx_word' id='word_1_157' title='bbox 607 2181 672 2262; x_wconf 87' lang='grc'><strong>(12,</strong></span> <span class='ocrx_word' id='word_1_158' title='bbox 693 2182 723 2262; x_wconf 92' lang='grc'>2,</span> <span class='ocrx_word' id='word_1_159' title='bbox 745 2182 873 2264; x_wconf 81' lang='lat'>1-15.)</span> <span class='ocrx_word' id='word_1_160' title='bbox 889 2186 1028 2262; x_wconf 88' lang='lat' dir='ltr'>recepta.</span> <span class='ocrx_word' id='word_1_161' title='bbox 1071 2181 1193 2245; x_wconf 88' lang='lat' dir='ltr'>Narrat</span> <span class='ocrx_word' id='word_1_162' title='bbox 1214 2179 1362 2244; x_wconf 92' lang='lat' dir='ltr'>nimirum</span> 
     </span>
     <span class='ocr_line' id='line_1_23' title="bbox 140 2265 1362 2349; baseline -0.002 -19"><span class='ocrx_word' id='word_1_163' title='bbox 140 2265 159 2330; x_wconf 84' lang='lat' dir='ltr'>J</span> <span class='ocrx_word' id='word_1_164' title='bbox 161 2265 309 2346; x_wconf 89' lang='lat' dir='ltr'>osephus,</span> <span class='ocrx_word' id='word_1_165' title='bbox 331 2265 552 2332; x_wconf 89' lang='lat' dir='ltr'>Ptolomaeum</span> <span class='ocrx_word' id='word_1_166' title='bbox 573 2267 818 2349; x_wconf 89' lang='lat' dir='ltr'>Philadelphum</span> <span class='ocrx_word' id='word_1_167' title='bbox 840 2286 899 2348; x_wconf 92' lang='lat' dir='ltr'>per</span> <span class='ocrx_word' id='word_1_168' title='bbox 920 2267 1120 2332; x_wconf 90' lang='lat' dir='ltr'>Demetrium</span> <span class='ocrx_word' id='word_1_169' title='bbox 1141 2266 1362 2344; x_wconf 87' lang='lat' dir='ltr'>Phalaereum,</span> 
     </span>
     <span class='ocr_line' id='line_1_24' title="bbox 141 2351 1363 2434; baseline 0 -20"><span class='ocrx_word' id='word_1_170' title='bbox 141 2351 352 2416; x_wconf 85' lang='lat' dir='ltr'>Alexandriae</span> <span class='ocrx_word' id='word_1_171' title='bbox 375 2352 536 2432; x_wconf 89' lang='lat' dir='ltr'>regiarum</span> <span class='ocrx_word' id='word_1_172' title='bbox 555 2353 821 2418; x_wconf 87' lang='lat' dir='ltr'>bibliothecarum</span> <span class='ocrx_word' id='word_1_173' title='bbox 842 2352 1055 2434; x_wconf 89' lang='lat' dir='ltr'>praefectum,</span> <span class='ocrx_word' id='word_1_174' title='bbox 1071 2357 1195 2417; x_wconf 91' lang='lat' dir='ltr'>motum</span> <span class='ocrx_word' id='word_1_175' title='bbox 1217 2370 1302 2430; x_wconf 90' lang='lat' dir='ltr'>esse,</span> <span class='ocrx_word' id='word_1_176' title='bbox 1326 2358 1363 2414; x_wconf 92' lang='lat' dir='ltr'>ut</span> 
     </span>
     <span class='ocr_line' id='line_1_25' title="bbox 141 2436 1363 2520; baseline 0 -20"><span class='ocrx_word' id='word_1_177' title='bbox 141 2437 237 2501; x_wconf 90' lang='lat' dir='ltr'>libros</span> <span class='ocrx_word' id='word_1_178' title='bbox 252 2436 452 2501; x_wconf 77' lang='lat' dir='ltr'>ludaeorum</span> <span class='ocrx_word' id='word_1_179' title='bbox 467 2457 576 2503; x_wconf 87' lang='lat' dir='ltr'>sacros</span> <span class='ocrx_word' id='word_1_180' title='bbox 591 2438 739 2505; x_wconf 88' lang='lat' dir='ltr'>hebraico</span> <span class='ocrx_word' id='word_1_181' title='bbox 761 2457 906 2504; x_wconf 87' lang='lat' dir='ltr'>sermone</span> <span class='ocrx_word' id='word_1_182' title='bbox 927 2440 1064 2520; x_wconf 90' lang='lat' dir='ltr'>scriptos</span> <span class='ocrx_word' id='word_1_183' title='bbox 1080 2441 1122 2503; x_wconf 92' lang='lat' dir='ltr'>ad</span> <span class='ocrx_word' id='word_1_184' title='bbox 1138 2439 1235 2502; x_wconf 90' lang='lat' dir='ltr'>decus</span> <span class='ocrx_word' id='word_1_185' title='bbox 1250 2436 1363 2502; x_wconf 89' lang='lat' dir='ltr'>bibho-</span> 
     </span>
     <span class='ocr_line' id='line_1_26' title="bbox 126 2522 1363 2606; baseline 0 -20"><span class='ocrx_word' id='word_1_186' title='bbox 126 2522 251 2594; x_wconf 84' lang='lat' dir='ltr'>thecae</span> <span class='ocrx_word' id='word_1_187' title='bbox 272 2523 453 2603; x_wconf 88' lang='lat' dir='ltr'>augendum</span> <span class='ocrx_word' id='word_1_188' title='bbox 465 2524 505 2590; x_wconf 61' lang='lat' dir='ltr'>,in</span> <span class='ocrx_word' id='word_1_189' title='bbox 525 2544 675 2606; x_wconf 89' lang='lat' dir='ltr'>graecum</span> <span class='ocrx_word' id='word_1_190' title='bbox 694 2525 865 2590; x_wconf 87' lang='lat' dir='ltr'>vertendos</span> <span class='ocrx_word' id='word_1_191' title='bbox 885 2531 1027 2604; x_wconf 89' lang='lat' dir='ltr'>curaret;</span> <span class='ocrx_word' id='word_1_192' title='bbox 1050 2524 1271 2589; x_wconf 90' lang='lat' dir='ltr'>Ptolomaeum</span> <span class='ocrx_word' id='word_1_193' title='bbox 1287 2541 1363 2604; x_wconf 90' lang='lat' dir='ltr'>ergo</span> 
     </span>
     <span class='ocr_line' id='line_1_27' title="bbox 141 2608 1364 2692; baseline 0 -20"><span class='ocrx_word' id='word_1_194' title='bbox 141 2608 263 2690; x_wconf 88' lang='lat' dir='ltr'>legatos</span> <span class='ocrx_word' id='word_1_195' title='bbox 286 2608 411 2673; x_wconf 89' lang='lat' dir='ltr'>misisse</span> <span class='ocrx_word' id='word_1_196' title='bbox 433 2610 476 2673; x_wconf 93' lang='lat' dir='ltr'>ad</span> <span class='ocrx_word' id='word_1_197' title='bbox 497 2609 697 2692; x_wconf 88' lang='lat' dir='ltr'>Eleazarum,</span> <span class='ocrx_word' id='word_1_198' title='bbox 719 2617 788 2675; x_wconf 94' lang='lat' dir='ltr'>tum</span> <span class='ocrx_word' id='word_1_199' title='bbox 809 2611 963 2692; x_wconf 90' lang='lat' dir='ltr'>temporis</span> <span class='ocrx_word' id='word_1_200' title='bbox 986 2629 1144 2676; x_wconf 89' lang='lat' dir='ltr'>summum</span> <span class='ocrx_word' id='word_1_201' title='bbox 1166 2608 1364 2674; x_wconf 83' lang='lat' dir='ltr'>Judaeorum</span> 
     </span>
     <span class='ocr_line' id='line_1_28' title="bbox 142 2695 1366 2778; baseline 0 -20"><span class='ocrx_word' id='word_1_202' title='bbox 142 2695 349 2775; x_wconf 89' lang='lat' dir='ltr'>sacerdotem,</span> <span class='ocrx_word' id='word_1_203' title='bbox 371 2713 442 2759; x_wconf 90' lang='lat' dir='ltr'>cum</span> <span class='ocrx_word' id='word_1_204' title='bbox 457 2697 641 2761; x_wconf 88' lang='lat' dir='ltr'>muneribus</span> <span class='ocrx_word' id='word_1_205' title='bbox 657 2697 922 2778; x_wconf 89' lang='lat' dir='ltr'>splendidissimis</span> <span class='ocrx_word' id='word_1_206' title='bbox 939 2702 971 2761; x_wconf 89' lang='grc'>01</span> <span class='ocrx_word' id='word_1_207' title='bbox 986 2695 1131 2778; x_wconf 89' lang='lat' dir='ltr'>epistola,</span> <span class='ocrx_word' id='word_1_208' title='bbox 1148 2713 1366 2776; x_wconf 79' lang='grc'><strong>0110001110-</strong></span> 
     </span>
     <span class='ocr_line' id='line_1_29' title="bbox 142 2780 1367 2864; baseline 0 -21"><span class='ocrx_word' id='word_1_209' title='bbox 142 2781 236 2861; x_wconf 88' lang='lat' dir='ltr'>gavit,</span> <span class='ocrx_word' id='word_1_210' title='bbox 263 2785 301 2843; x_wconf 91' lang='lat' dir='ltr'>ut</span> <span class='ocrx_word' id='word_1_211' title='bbox 317 2786 495 2846; x_wconf 87' lang='lat' dir='ltr'>correctum</span> <span class='ocrx_word' id='word_1_212' title='bbox 510 2784 672 2864; x_wconf 84' lang='lat' dir='ltr'>exemplar</span> <span class='ocrx_word' id='word_1_213' title='bbox 686 2783 840 2847; x_wconf 90' lang='lat' dir='ltr'>librorum</span> <span class='ocrx_word' id='word_1_214' title='bbox 862 2801 1026 2846; x_wconf 90' lang='lat' dir='ltr'>sacrorum</span> <span class='ocrx_word' id='word_1_215' title='bbox 1049 2782 1110 2846; x_wconf 90' lang='lat' dir='ltr'>sibi</span> <span class='ocrx_word' id='word_1_216' title='bbox 1131 2780 1367 2845; x_wconf 88' lang='lat' dir='ltr'>transmitteret</span> 
     </span>
     <span class='ocr_line' id='line_1_30' title="bbox 143 2865 1365 2950; baseline -0.002 -21"><span class='ocrx_word' id='word_1_217' title='bbox 143 2885 203 2930; x_wconf 89' lang='lat' dir='ltr'>una</span> <span class='ocrx_word' id='word_1_218' title='bbox 230 2885 303 2931; x_wconf 90' lang='lat' dir='ltr'>oum</span> <span class='ocrx_word' id='word_1_219' title='bbox 327 2866 414 2947; x_wconf 91' lang='lat' dir='ltr'>viris,</span> <span class='ocrx_word' id='word_1_220' title='bbox 440 2869 495 2948; x_wconf 90' lang='lat' dir='ltr'>qui</span> <span class='ocrx_word' id='word_1_221' title='bbox 521 2869 690 2949; x_wconf 91' lang='lat' dir='ltr'>utriusque</span> <span class='ocrx_word' id='word_1_222' title='bbox 715 2869 843 2950; x_wconf 89' lang='lat' dir='ltr'>hnguae</span> <span class='ocrx_word' id='word_1_223' title='bbox 863 2867 964 2947; x_wconf 85' lang='lat' dir='ltr'>(hebr.</span> <span class='ocrx_word' id='word_1_224' title='bbox 986 2872 1018 2931; x_wconf 92' lang='lat' dir='ltr'>et</span> <span class='ocrx_word' id='word_1_225' title='bbox 1038 2869 1099 2949; x_wconf 87' lang='lat' dir='ltr'>gr.)</span> <span class='ocrx_word' id='word_1_226' title='bbox 1124 2872 1231 2930; x_wconf 90' lang='lat' dir='ltr'>essent</span> <span class='ocrx_word' id='word_1_227' title='bbox 1256 2865 1365 2946; x_wconf 90' lang='lat' dir='ltr'>periti;</span> 
     </span>
     <span class='ocr_line' id='line_1_31' title="bbox 142 2951 1365 3036; baseline -0.002 -22"><span class='ocrx_word' id='word_1_228' title='bbox 142 2951 333 3016; x_wconf 84' lang='lat' dir='ltr'>Eleazarum</span> <span class='ocrx_word' id='word_1_229' title='bbox 346 2952 496 3032; x_wconf 91' lang='lat' dir='ltr'>precibus</span> <span class='ocrx_word' id='word_1_230' title='bbox 511 2954 596 3036; x_wconf 91' lang='lat' dir='ltr'>regis</span> <span class='ocrx_word' id='word_1_231' title='bbox 612 2955 775 3033; x_wconf 89' lang='lat' dir='ltr'>annuisse,</span> <span class='ocrx_word' id='word_1_232' title='bbox 800 2958 832 3017; x_wconf 92' lang='lat' dir='ltr'>et</span> <span class='ocrx_word' id='word_1_233' title='bbox 849 2953 989 3016; x_wconf 81' lang='grc'><strong>7211100</strong></span> <span class='ocrx_word' id='word_1_234' title='bbox 1012 2971 1084 3016; x_wconf 89' lang='grc'><strong>011111</strong></span> <span class='ocrx_word' id='word_1_235' title='bbox 1095 2953 1184 3033; x_wconf 87' lang='lat' dir='ltr'>justo</span> <span class='ocrx_word' id='word_1_236' title='bbox 1200 2951 1365 3014; x_wconf 83' lang='grc'><strong>00011101-</strong></span> 
     </span>
     <span class='ocr_line' id='line_1_32' title="bbox 142 3037 1366 3122; baseline -0.003 -21"><span class='ocrx_word' id='word_1_237' title='bbox 142 3044 192 3103; x_wconf 92' lang='lat' dir='ltr'>tus</span> <span class='ocrx_word' id='word_1_238' title='bbox 215 3037 389 3119; x_wconf 87' lang='lat' dir='ltr'>exemplari</span> <span class='ocrx_word' id='word_1_239' title='bbox 410 3038 443 3102; x_wconf 93' lang='lat' dir='ltr'>in</span> <span class='ocrx_word' id='word_1_240' title='bbox 463 3039 647 3122; x_wconf 82' lang='lat' dir='ltr'>Aegyptum</span> <span class='ocrx_word' id='word_1_241' title='bbox 668 3039 844 3121; x_wconf 87' lang='lat' dir='ltr'>ablegasse,</span> <span class='ocrx_word' id='word_1_242' title='bbox 868 3037 923 3119; x_wconf 89' lang='lat' dir='ltr'>qui</span> <span class='ocrx_word' id='word_1_243' title='bbox 943 3037 1063 3102; x_wconf 89' lang='lat' dir='ltr'>ibidem</span> <span class='ocrx_word' id='word_1_244' title='bbox 1086 3037 1167 3101; x_wconf 90' lang='lat' dir='ltr'>hanc</span> <span class='ocrx_word' id='word_1_245' title='bbox 1188 3037 1366 3101; x_wconf 90' lang='lat' dir='ltr'>versionem</span> 
     </span>
     <span class='ocr_line' id='line_1_33' title="bbox 143 3122 1222 3207; baseline -0.003 -19"><span class='ocrx_word' id='word_1_246' title='bbox 143 3123 360 3203; x_wconf 89' lang='lat' dir='ltr'>confecissent,</span> <span class='ocrx_word' id='word_1_247' title='bbox 377 3130 410 3189; x_wconf 92' lang='lat' dir='ltr'>et</span> <span class='ocrx_word' id='word_1_248' title='bbox 424 3133 555 3207; x_wconf 91' lang='lat' dir='ltr'>peracto</span> <span class='ocrx_word' id='word_1_249' title='bbox 570 3124 681 3191; x_wconf 89' lang='lat' dir='ltr'>labore</span> <span class='ocrx_word' id='word_1_250' title='bbox 694 3127 728 3190; x_wconf 95' lang='lat' dir='ltr'>in</span> <span class='ocrx_word' id='word_1_251' title='bbox 742 3125 958 3189; x_wconf 88' lang='lat' dir='ltr'>Palaestinam</span> <span class='ocrx_word' id='word_1_252' title='bbox 973 3129 1080 3188; x_wconf 90' lang='lat' dir='ltr'>essent</span> <span class='ocrx_word' id='word_1_253' title='bbox 1093 3122 1222 3188; x_wconf 89' lang='lat' dir='ltr'>reversi.</span> 
     </span>
    </p>

    <p class='ocr_par' dir='ltr' id='par_1_9' title="bbox 143 3209 1365 3465">
     <span class='ocr_line' id='line_1_34' title="bbox 228 3209 1365 3292; baseline -0.002 -19"><span class='ocrx_word' id='word_1_254' title='bbox 228 3211 393 3286; x_wconf 83' lang='lat' dir='ltr'>Quomodo</span> <span class='ocrx_word' id='word_1_255' title='bbox 405 3211 473 3292; x_wconf 84' lang='lat' dir='ltr'>jam</span> <span class='ocrx_word' id='word_1_256' title='bbox 488 3210 509 3275; x_wconf 87' lang='lat' dir='ltr'>J</span> <span class='ocrx_word' id='word_1_257' title='bbox 511 3212 649 3292; x_wconf 89' lang='lat' dir='ltr'>osephus</span> <span class='ocrx_word' id='word_1_258' title='bbox 664 3212 745 3277; x_wconf 89' lang='lat' dir='ltr'>hano</span> <span class='ocrx_word' id='word_1_259' title='bbox 759 3211 928 3276; x_wconf 88' lang='lat' dir='ltr'>historiam</span> <span class='ocrx_word' id='word_1_260' title='bbox 943 3210 1061 3275; x_wconf 86' lang='lat' dir='ltr'>habere</span> <span class='ocrx_word' id='word_1_261' title='bbox 1076 3209 1236 3292; x_wconf 91' lang='lat' dir='ltr'>potuisset</span> <span class='ocrx_word' id='word_1_262' title='bbox 1247 3227 1365 3286; x_wconf 87' lang='lat' dir='ltr'>veram,</span> 
     </span>
     <span class='ocr_line' id='line_1_35' title="bbox 143 3293 1365 3379; baseline -0.002 -20"><span class='ocrx_word' id='word_1_263' title='bbox 143 3296 169 3359; x_wconf 90' lang='lat' dir='ltr'>si</span> <span class='ocrx_word' id='word_1_264' title='bbox 183 3295 386 3376; x_wconf 89' lang='lat' dir='ltr'>Philadelphi</span> <span class='ocrx_word' id='word_1_265' title='bbox 405 3302 438 3360; x_wconf 90' lang='grc'>01</span> <span class='ocrx_word' id='word_1_266' title='bbox 451 3297 600 3363; x_wconf 88' lang='lat' dir='ltr'>Eleazari</span> <span class='ocrx_word' id='word_1_267' title='bbox 620 3303 766 3379; x_wconf 89' lang='lat' dir='ltr'>tempore</span> <span class='ocrx_word' id='word_1_268' title='bbox 784 3297 804 3360; x_wconf 88' lang='lat' dir='ltr'>i.</span> <span class='ocrx_word' id='word_1_269' title='bbox 821 3316 847 3362; x_wconf 87' lang='grc'>0.</span> <span class='ocrx_word' id='word_1_270' title='bbox 869 3297 959 3360; x_wconf 87' lang='lat' dir='ltr'>annis</span> <span class='ocrx_word' id='word_1_271' title='bbox 981 3293 1365 3361; x_wconf 79' lang='grc'><strong>01101101285011100111.</strong></span> 
     </span>
     <span class='ocr_line' id='line_1_36' title="bbox 144 3381 1112 3465; baseline 0.002 -21"><span class='ocrx_word' id='word_1_272' title='bbox 144 3401 232 3446; x_wconf 92' lang='lat' dir='ltr'>nemo</span> <span class='ocrx_word' id='word_1_273' title='bbox 248 3381 536 3447; x_wconf 88' lang='lat' dir='ltr'>Palaestinensium</span> <span class='ocrx_word' id='word_1_274' title='bbox 550 3383 678 3465; x_wconf 90' lang='lat' dir='ltr'>linguae</span> <span class='ocrx_word' id='word_1_275' title='bbox 693 3401 828 3465; x_wconf 88' lang='lat' dir='ltr'>graecae</span> <span class='ocrx_word' id='word_1_276' title='bbox 843 3401 962 3464; x_wconf 89' lang='lat' dir='ltr'>gnarus</span> <span class='ocrx_word' id='word_1_277' title='bbox 976 3381 1112 3448; x_wconf 80' lang='lat' dir='ltr'>firisset?</span> 
     </span>
    </p>

    <p class='ocr_par' dir='ltr' id='par_1_10' title="bbox 146 3463 1367 3895">
     <span class='ocr_line' id='line_1_37' title="bbox 226 3463 1366 3551; baseline -0.001 -20"><span class='ocrx_word' id='word_1_278' title='bbox 226 3469 256 3531; x_wconf 85' lang='lat'>3.</span> <span class='ocrx_word' id='word_1_279' title='bbox 283 3467 428 3548; x_wconf 89' lang='lat' dir='ltr'>Linguae</span> <span class='ocrx_word' id='word_1_280' title='bbox 442 3488 578 3550; x_wconf 89' lang='lat' dir='ltr'>graecae</span> <span class='ocrx_word' id='word_1_281' title='bbox 593 3470 805 3551; x_wconf 88' lang='lat' dir='ltr'>cognitionem</span> <span class='ocrx_word' id='word_1_282' title='bbox 819 3469 852 3533; x_wconf 91' lang='lat' dir='ltr'>in</span> <span class='ocrx_word' id='word_1_283' title='bbox 867 3467 1050 3533; x_wconf 88' lang='lat' dir='ltr'>Palaestina</span> <span class='ocrx_word' id='word_1_284' title='bbox 1064 3468 1115 3532; x_wconf 96' lang='lat' dir='ltr'>vel</span> <span class='ocrx_word' id='word_1_285' title='bbox 1136 3469 1177 3531; x_wconf 92' lang='lat' dir='ltr'>ad</span> <span class='ocrx_word' id='word_1_286' title='bbox 1197 3463 1366 3530; x_wconf 87' lang='lat' dir='ltr'>ilhteratos</span> 
     </span>
     <span class='ocr_line' id='line_1_38' title="bbox 146 3551 1367 3635; baseline -0.004 -17"><span class='ocrx_word' id='word_1_287' title='bbox 146 3559 344 3632; x_wconf 89' lang='lat' dir='ltr'>penetrasse,</span> <span class='ocrx_word' id='word_1_288' title='bbox 370 3554 465 3619; x_wconf 91' lang='lat' dir='ltr'>docet</span> <span class='ocrx_word' id='word_1_289' title='bbox 478 3555 549 3620; x_wconf 89' lang='lat' dir='ltr'>Act.</span> <span class='ocrx_word' id='word_1_290' title='bbox 565 3556 620 3635; x_wconf 83' lang='lat'>21,</span> <span class='ocrx_word' id='word_1_291' title='bbox 644 3556 695 3619; x_wconf 87' lang='lat'>40.</span> <span class='ocrx_word' id='word_1_292' title='bbox 719 3555 787 3620; x_wconf 93' lang='lat' dir='ltr'>coll.</span> <span class='ocrx_word' id='word_1_293' title='bbox 813 3573 885 3618; x_wconf 92' lang='lat' dir='ltr'>cum</span> <span class='ocrx_word' id='word_1_294' title='bbox 910 3554 968 3634; x_wconf 91' lang='grc'>22,</span> <span class='ocrx_word' id='word_1_295' title='bbox 994 3555 1041 3632; x_wconf 82' lang='grc'>2,;</span> <span class='ocrx_word' id='word_1_296' title='bbox 1069 3572 1140 3618; x_wconf 91' lang='lat' dir='ltr'>cum</span> <span class='ocrx_word' id='word_1_297' title='bbox 1163 3553 1246 3618; x_wconf 92' lang='lat' dir='ltr'>enim</span> <span class='ocrx_word' id='word_1_298' title='bbox 1270 3551 1367 3615; x_wconf 88' lang='lat' dir='ltr'>turba</span> 
     </span>
     <span class='ocr_line' id='line_1_39' title="bbox 147 3637 1367 3722; baseline -0.001 -21"><span class='ocrx_word' id='word_1_299' title='bbox 147 3637 279 3703; x_wconf 91' lang='lat' dir='ltr'>Paulum</span> <span class='ocrx_word' id='word_1_300' title='bbox 301 3638 361 3719; x_wconf 87' lang='lat' dir='ltr'>Ap.</span> <span class='ocrx_word' id='word_1_301' title='bbox 385 3640 534 3706; x_wconf 90' lang='lat' dir='ltr'>hebraice</span> <span class='ocrx_word' id='word_1_302' title='bbox 555 3645 759 3722; x_wconf 90' lang='lat' dir='ltr'>perorantem</span> <span class='ocrx_word' id='word_1_303' title='bbox 781 3641 914 3705; x_wconf 88' lang='lat' dir='ltr'>audiens</span> <span class='ocrx_word' id='word_1_304' title='bbox 943 3640 976 3704; x_wconf 91' lang='lat' dir='ltr'>in</span> <span class='ocrx_word' id='word_1_305' title='bbox 1006 3639 1249 3704; x_wconf 91' lang='lat' dir='ltr'>admirationem</span> <span class='ocrx_word' id='word_1_306' title='bbox 1273 3642 1367 3718; x_wconf 89' lang='lat' dir='ltr'>rapta</span> 
     </span>
     <span class='ocr_line' id='line_1_40' title="bbox 147 3725 1366 3808; baseline -0.001 -20"><span class='ocrx_word' id='word_1_307' title='bbox 147 3725 291 3804; x_wconf 88' lang='lat' dir='ltr'>sistatur,</span> <span class='ocrx_word' id='word_1_308' title='bbox 321 3725 450 3791; x_wconf 90' lang='lat' dir='ltr'>minime</span> <span class='ocrx_word' id='word_1_309' title='bbox 474 3726 670 3807; x_wconf 87' lang='lat' dir='ltr'>hebraicam,</span> <span class='ocrx_word' id='word_1_310' title='bbox 701 3727 758 3791; x_wconf 91' lang='lat' dir='ltr'>sed</span> <span class='ocrx_word' id='word_1_311' title='bbox 783 3744 931 3808; x_wconf 87' lang='lat' dir='ltr'>graecam</span> <span class='ocrx_word' id='word_1_312' title='bbox 958 3725 1155 3806; x_wconf 83' lang='lat' dir='ltr'>exspectavit</span> <span class='ocrx_word' id='word_1_313' title='bbox 1181 3725 1366 3802; x_wconf 89' lang='lat' dir='ltr'>orationem,</span> 
     </span>
     <span class='ocr_line' id='line_1_41' title="bbox 148 3809 974 3895; baseline 0.002 -21"><span class='ocrx_word' id='word_1_314' title='bbox 148 3811 290 3891; x_wconf 87' lang='lat' dir='ltr'>adeoque</span> <span class='ocrx_word' id='word_1_315' title='bbox 305 3809 434 3894; x_wconf 88' lang='lat' dir='ltr'>linguae</span> <span class='ocrx_word' id='word_1_316' title='bbox 447 3813 543 3894; x_wconf 86' lang='lat' dir='ltr'>hujus</span> <span class='ocrx_word' id='word_1_317' title='bbox 558 3813 671 3895; x_wconf 89' lang='lat' dir='ltr'>ignara</span> <span class='ocrx_word' id='word_1_318' title='bbox 687 3831 758 3878; x_wconf 90' lang='lat' dir='ltr'>esse</span> <span class='ocrx_word' id='word_1_319' title='bbox 772 3813 824 3877; x_wconf 83' lang='lat' dir='ltr'>vix</span> <span class='ocrx_word' id='word_1_320' title='bbox 838 3815 974 3893; x_wconf 88' lang='lat' dir='ltr'>poterat.</span> 
     </span>
    </p>
   </div>
   <div class='ocr_carea' id='block_1_3' title="bbox 706 4033 938 4114">
    <p class='ocr_par' dir='ltr' id='par_1_11' title="bbox 706 4033 938 4114">
     <span class='ocr_line' id='line_1_42' title="bbox 706 4033 938 4114; baseline 0.004 -16"><span class='ocrx_word' id='word_1_321' title='bbox 706 4033 734 4114; x_wconf 67' lang='grc' dir='ltr'>ἓ.</span> <span class='ocrx_word' id='word_1_322' title='bbox 758 4035 808 4099; x_wconf 89' lang='grc'>10.</span> <span class='ocrx_word' id='word_1_323' title='bbox 937 4075 938 4078; x_wconf 60' lang='lat'><em>=</em></span> 
     </span>
    </p>
   </div>
   <div class='ocr_carea' id='block_1_4' title="bbox 648 4170 866 4221">
    <p class='ocr_par' dir='ltr' id='par_1_12' title="bbox 648 4170 866 4221">
     <span class='ocr_line' id='line_1_43' title="bbox 648 4170 866 4221; baseline 0.005 -1"><span class='ocrx_word' id='word_1_324' title='bbox 648 4170 866 4221; x_wconf 77' lang='lat' dir='ltr'>continuatio.</span> 
     </span>
    </p>
   </div>
   <div class='ocr_carea' id='block_1_5' title="bbox 158 4323 1370 4493">
    <p class='ocr_par' dir='ltr' id='par_1_13' title="bbox 158 4323 1370 4493">
     <span class='ocr_line' id='line_1_44' title="bbox 233 4323 1370 4406; baseline 0 -18"><span class='ocrx_word' id='word_1_325' title='bbox 233 4323 354 4400; x_wconf 80' lang='lat' dir='ltr'>Quodsi</span> <span class='ocrx_word' id='word_1_326' title='bbox 370 4325 438 4406; x_wconf 90' lang='lat' dir='ltr'>jam</span> <span class='ocrx_word' id='word_1_327' title='bbox 460 4323 593 4390; x_wconf 87' lang='lat' dir='ltr'>Judaeis</span> <span class='ocrx_word' id='word_1_328' title='bbox 612 4324 900 4406; x_wconf 88' lang='lat' dir='ltr'>palaestinensibus</span> <span class='ocrx_word' id='word_1_329' title='bbox 921 4323 954 4388; x_wconf 93' lang='lat' dir='ltr'>in</span> <span class='ocrx_word' id='word_1_330' title='bbox 976 4343 1105 4406; x_wconf 89' lang='lat' dir='ltr'>genere,</span> <span class='ocrx_word' id='word_1_331' title='bbox 1133 4324 1230 4389; x_wconf 89' lang='lat' dir='ltr'>etiam</span> <span class='ocrx_word' id='word_1_332' title='bbox 1250 4323 1370 4388; x_wconf 85' lang='lat' dir='ltr'>Christi</span> 
     </span>
     <span class='ocr_line' id='line_1_45' title="bbox 158 4405 1369 4493; baseline 0.004 -24"><span class='ocrx_word' id='word_1_333' title='bbox 158 4405 311 4487; x_wconf 85' lang='lat' dir='ltr'>hpostolis</span> <span class='ocrx_word' id='word_1_334' title='bbox 331 4415 364 4474; x_wconf 89' lang='lat' dir='ltr'>et</span> <span class='ocrx_word' id='word_1_335' title='bbox 383 4410 421 4474; x_wconf 92' lang='lat' dir='ltr'>N.</span> <span class='ocrx_word' id='word_1_336' title='bbox 438 4411 472 4474; x_wconf 88' lang='grc' dir='ltr'>Τ.</span> <span class='ocrx_word' id='word_1_337' title='bbox 493 4411 678 4477; x_wconf 89' lang='lat' dir='ltr'>auctoribus</span> <span class='ocrx_word' id='word_1_338' title='bbox 699 4409 827 4493; x_wconf 89' lang='lat' dir='ltr'>linguae</span> <span class='ocrx_word' id='word_1_339' title='bbox 848 4429 983 4492; x_wconf 88' lang='lat' dir='ltr'>graecae</span> <span class='ocrx_word' id='word_1_340' title='bbox 999 4411 1135 4492; x_wconf 84' lang='lat' dir='ltr'>cognitio</span> <span class='ocrx_word' id='word_1_341' title='bbox 1156 4409 1369 4491; x_wconf 89' lang='lat' dir='ltr'>adjudicanda</span> 
     </span>
    </p>
   </div>
   <div class='ocr_carea' id='block_1_6' title="bbox 158 4528 354 4546">
    <p class='ocr_par' dir='ltr' id='par_1_14' title="bbox 158 4528 354 4546">
     <span class='ocr_line' id='line_1_46' title="bbox 158 4528 354 4546; baseline 0.01 -2"><span class='ocrx_word' id='word_1_342' title='bbox 158 4528 354 4546; x_wconf 42' lang='grc' dir='ltr'>ὴ--ι-</span> 
     </span>
    </p>
   </div>
   <div class='ocr_carea' id='block_1_7' title="bbox 166 4596 690 4656">
    <p class='ocr_par' dir='ltr' id='par_1_15' title="bbox 166 4596 690 4656">
     <span class='ocr_line' id='line_1_47' title="bbox 166 4596 690 4656; baseline -0.015 2"><span class='ocrx_word' id='word_1_343' title='bbox 166 4625 169 4634; x_wconf 90' lang='grc'>·</span> <span class='ocrx_word' id='word_1_344' title='bbox 222 4605 230 4634; x_wconf 91' lang='lat'>¹</span> <span class='ocrx_word' id='word_1_345' title='bbox 246 4601 369 4656; x_wconf 85' lang='lat' dir='ltr'>Mischna</span> <span class='ocrx_word' id='word_1_346' title='bbox 379 4603 457 4651; x_wconf 86' lang='lat' dir='ltr'>tract.</span> <span class='ocrx_word' id='word_1_347' title='bbox 470 4596 543 4650; x_wconf 85' lang='lat' dir='ltr'>Gitin</span> <span class='ocrx_word' id='word_1_348' title='bbox 554 4613 577 4650; x_wconf 90' lang='lat' dir='ltr'>c.</span> <span class='ocrx_word' id='word_1_349' title='bbox 590 4598 614 4652; x_wconf 85' lang='lat'>9.</span> <span class='ocrx_word' id='word_1_350' title='bbox 627 4615 652 4651; x_wconf 91' lang='lat' dir='ltr'>n.</span> <span class='ocrx_word' id='word_1_351' title='bbox 665 4598 690 4650; x_wconf 85' lang='grc'>8.</span> 
     </span>
    </p>
   </div>
   <div class='ocr_carea' id='block_1_8' title="bbox 0 0 1698 5176">
    <p class='ocr_par' dir='ltr' id='par_1_16' title="bbox 0 0 1698 5176">
     <span class='ocr_line' id='line_1_48' title="bbox 0 0 1698 5176; baseline 0 0"><span class='ocrx_word' id='word_1_352' title='bbox 0 0 1698 5176; x_wconf 95' lang='lat' dir='ltr'> </span> 
     </span>
    </p>
   </div>
  </div>
 </body>
</html>
