3364 5156
645 355 648 359 -
755 316 928 382 259—-

172 491 373 556 diversorum
396 491 564 556 doctorum
586 493 672 566 crta,
700 492 733 552 et
754 487 823 552 Deo
843 487 966 568 gratias
986 488 1069 570 agit,
1098 489 1185 569 quod
1205 489 1399 570 baptizando

171 575 380 641 dissensionis
395 595 457 640 non
473 573 600 639 dederit
614 572 813 638 occasionem
829 573 857 652 1,
875 573 1008 637 lla-16.
1030 573 1060 636 A
1074 572 1234 654 baptismo
1250 575 1293 639 ad
1307 593 1400 655 prae-

171 662 374 741 dicationem,
397 659 557 725 missionis
572 677 650 722 suae
665 676 798 738 scopum
812 658 972 723 transiens
987 659 1143 723 rationem
1158 660 1265 724 reddit
1280 659 1401 740 simpli·
1492 727 1494 734 .

171 747 290 825 citatis,
306 765 370 827 qua
383 744 527 810 Corinthi
542 743 742 824 evangelium
755 742 964 823 praedicavit,
979 763 1018 808 ne
1034 763 1111 808 crux
1124 743 1244 809 Christi
1258 745 1401 809 admixta

171 831 331 912 sapientie
345 830 485 895 humana
500 830 532 893 vi
548 829 607 894 sud
622 828 784 909 privetur,
810 829 955 908 quamvis
971 829 1055 893 enim
1074 829 1207 894 verbum
1229 831 1332 896 crucis
1352 830 1400 894 in-

172 917 311 981 credulis
327 917 370 981 sit
385 915 537 993 stultitia,
566 913 771 980 credentibus
785 918 892 978 tamen
907 913 969 978 Dei
983 914 1085 978 virtus
1108 920 1157 979 θεῖ
1176 919 1209 979 θῖ
1231 915 1400 996 sapientia,

170 1021 230 1083 per
245 1021 343 1082 quam
356 1001 445 1066 Deus
461 1018 586 1064 omnem
601 998 791 1079 sapientiam
806 997 993 1079 humanam,
1016 1018 1100 1079 quae
1114 1000 1220 1080 ipsum
1236 1019 1273 1064 ex
1296 1001 1400 1080 operi·

171 1086 232 1151 bus
248 1088 318 1168 ejus
333 1105 395 1151 non
410 1085 573 1168 cognovit,
594 1084 765 1148 stultitiam
780 1083 931 1148 declarat.
978 1083 1151 1149 Christiani
1166 1104 1203 1149 ex
1218 1085 1287 1149 Deo
1304 1084 1399 1166 origi·

171 1191 243 1237 nem
259 1171 380 1236 habent
393 1171 427 1234 in
443 1169 570 1235 Christo
586 1169 607 1233 J
609 1188 680 1249 esu,
704 1170 759 1249 qui
774 1167 878 1234 factus
895 1175 944 1233 est
958 1169 1049 1234 nobis
1065 1170 1223 1250 sapientia
1238 1169 1345 1234 divina
1367 1174 1400 1235 et

168 1257 297 1339 justitia
313 1263 345 1321 θῖ
360 1253 571 1322 sanctificatio
587 1259 620 1319 et
635 1254 790 1319 redemtio
808 1257 842 1333 1,
866 1255 999 1319 17-31.
1045 1255 1087 1320 Se
1107 1255 1140 1319 in
1160 1255 1399 1335 praedicatione

171 1342 367 1407 abstinuisse
381 1342 428 1406 ait
442 1340 483 1405 ab
500 1340 584 1405 omni
599 1345 715 1405 ornatu
730 1340 871 1404 oratorio
888 1345 920 1404 θῖ
934 1345 1095 1420 apparatu
1110 1340 1251 1419 erudite,
1267 1359 1307 1405 ne
1317 1338 1399 1404 fides

172 1427 305 1493 effectus
326 1428 368 1492 sit
390 1426 607 1492 subsidiorum
628 1425 853 1504 humanorum,
881 1425 939 1489 sed
961 1424 1060 1490 solius
1080 1425 1220 1506 Spiritus
1242 1425 1344 1490 sancti
1367 1425 1401 1490 in

171 1513 243 1594 ipso
267 1511 430 1592 operantis
453 1512 596 1591 2,1—5.
639 1510 796 1575 Altiorem
818 1510 1009 1590 sapientiam
1029 1511 1193 1577 doctrinae
1208 1510 1400 1576 christianae

170 1599 310 1676 insitam,
327 1597 504 1677 etquidem
519 1595 709 1677 sapientiam
724 1595 863 1660 divinam
878 1615 898 1661 a
914 1596 1036 1676 Spiritu
1052 1615 1075 1660 ε.
1092 1596 1267 1660 revelatam
1283 1600 1315 1660 et
1329 1614 1400 1660 ver·

171 1684 222 1748 bis
241 1683 282 1747 ab
306 1683 418 1747 eodem
440 1681 563 1762 Spiritu
587 1681 764 1763 suggestis,
791 1699 826 1745 se
848 1681 978 1745 tradere
998 1681 1129 1761 quidem
1157 1681 1218 1760 ait,
1245 1685 1297 1745 ast
1323 1680 1400 1745 subs

172 1767 445 1849 provectioribus,
472 1767 583 1847 quales
600 1764 756 1831 Corinthii
770 1765 811 1831 ab
835 1765 926 1830 initio
947 1785 1009 1829 non
1027 1764 1162 1844 fuerint,
1189 1784 1293 1846 neque
1315 1783 1400 1830 nunc

171 1855 246 1933 sint,
261 1871 478 1920 cumsensum
492 1851 652 1917 carnalem
666 1851 807 1930 partium
822 1849 929 1914 studio
945 1851 1030 1915 clare
1044 1849 1248 1915 manifestent
1263 1851 1293 1929 2,
1305 1851 1399 1930 6-3‚

171 1940 202 2003 3.
224 1937 401 2019 Apostolus
416 1956 474 2002 suo
489 1937 591 2018 ipsius
608 1939 640 2000 et
654 1934 819 2016 Apollonis
835 1935 978 2016 exemplo
990 1936 1058 2016 Jam
1073 1935 1182 2015 docet,
1199 1953 1308 1999 omnes
1324 1935 1399 2000 doc·

171 2030 260 2091 tores
275 2043 337 2088 non
352 2041 423 2087 esse
439 2021 704 2100 considerandos,
731 2020 793 2085 nisi
807 2026 844 2085 ut
858 2021 1021 2085 ministros
1037 2019 1157 2085 Christi
1172 2021 1215 2085 ad
1233 2020 1399 2100 dispensa·

171 2110 293 2174 tionem
314 2109 540 2188 mysteriorum
554 2106 631 2187 Dei,
658 2125 677 2170 a
700 2124 763 2186 quo
786 2106 883 2170 etiam
905 2105 1126 2186 uuusquisque
1140 2125 1198 2186 pro
1213 2104 1325 2171 labore
1340 2123 1398 2170 suo

171 2195 353 2261 mercedem
374 2198 566 2273 accepturus
586 2191 645 2272 sit,
671 2200 703 2256 et
725 2190 913 2256 relationem
936 2209 1027 2255 suam
1042 2197 1210 2271 paternam
1226 2189 1399 2255 Corinthiis

170 2281 205 2345 in
220 2279 406 2346 memoriam
421 2282 551 2343 revocat
565 2277 595 2356 3,
609 2276 704 2356 4-4,
720 2276 770 2340 21.
801 2281 803 2286 “

258 2366 298 2427 Ia
309 2376 402 2448 parte
416 2363 460 2426 ΙΙ.
504 2362 624 2428 Paulus
647 2361 715 2443 agit
734 2361 774 2426 de
796 2360 882 2425 vitiis
906 2359 1161 2440 Corinthiorum,
1190 2360 1339 2425 nimirum
1358 2361 1399 2426 de

171 2451 299 2516 homine
323 2448 506 2515 incestuoso
535 2448 568 2512 in
598 2447 732 2512 ecclesia
760 2446 913 2526 tolerato,
944 2446 1300 2512 excommunicationem
1330 2446 1400 2526 ejus

171 2536 317 2618 postulat
342 2538 375 2599 et
400 2534 516 2615 agendi
541 2533 698 2599 rationem
724 2551 797 2598 cum
821 2531 982 2612 perversis
1010 2530 1199 2596 Christianis
1224 2531 1257 2594 in
1283 2549 1401 2612 genere

171 2619 364 2703 praescribit
375 2620 405 2698 5,
417 2620 531 2683 1-13.
554 2618 773 2699 Reprehendit
784 2636 848 2696 ecs,
864 2617 951 2697 quod
963 2615 1075 2681 htibus
1090 2617 1277 2697 indulgeant
1292 2635 1400 2682 coram

171 2705 417 2788 magistratibus
429 2704 572 2783 ethnicis,
588 2708 620 2768 et
635 2723 697 2767 non
710 2702 819 2783 potius
834 2701 967 2766 fratrem
983 2720 1152 2767 causarum
1167 2720 1299 2766 suarum
1314 2701 1400 2766 arbi·
1437 2741 1439 2745 v

168 2799 257 2856 trum
272 2790 485 2869 constituant,
513 2789 625 2869 etjam
640 2787 700 2852 hoc
716 2787 868 2851 delictum
884 2805 955 2850 esse
978 2786 1072 2865 dicit,
1100 2787 1187 2868 quod
1207 2787 1292 2851 inter·
1308 2785 1399 2850 Chri·

170 2877 293 2942 stianos
308 2875 382 2939 lites
396 2873 599 2940 inveniantur
614 2873 649 2951 6,
668 2872 735 2933 1-
746 2871 795 2934 11.
832 2871 972 2935 Rediens
987 2871 1030 2934 ad
1050 2871 1271 2951 impudicitiae
1293 2871 1398 2936 scelus

169 2961 325 3039 ostendit,
355 2961 416 3024 hac
437 2959 470 3024 iu
495 2977 530 3023 re
555 2956 699 3022 hbertati
724 2956 916 3020 christianae
941 2974 1004 3019 non
1030 2973 1101 3019 esse
1129 2956 1250 3034 locum,
1280 2973 1398 3036 corpus

169 3046 306 3112 Domino
322 3063 393 3109 esse
408 3047 642 3121 consecratum,
659 3041 798 3121 Spiritus
814 3059 837 3104 ε.
853 3039 1024 3120 templum,
1048 3040 1135 3120 quod
1150 3038 1320 3120 profanare
1335 3060 1398 3106 non

168 3132 266 3197 liceat
280 3129 488 3210 fornicatione
503 3130 532 3207 6,
552 3128 684 3192 12—20.

153 3243 157 3264 ·
256 3219 294 3280 In
304 3228 400 3298 parte
412 3213 474 3277 III.
495 3213 538 3277 ad
553 3211 758 3293 quaestiones
772 3209 955 3290 propositas
970 3210 1166 3290 respondeus
1185 3207 1220 3293 a)
1235 3210 1399 3295 virpabita

169 3316 230 3366 tem
244 3301 441 3364 austremonio
452 3296 703 3382 praeferendam
718 3319 782 3359 esse
797 3295 898 3375 docet,
921 3301 953 3359 et
968 3295 1134 3360 consilium
1148 3296 1221 3375 dat,
1241 3313 1281 3360 ne
1303 3294 1398 3360 coeli·

169 3388 229 3451 bes
244 3405 282 3450 ac
296 3384 413 3449 viduae
428 3382 609 3463 oonJugium
624 3382 748 3458 ineant;
771 3384 914 3445 attamen
928 3380 1013 3445 hunc
1026 3381 1060 3444 in
1074 3379 1169 3445 finem
1184 3381 1303 3444 donum
1318 3380 1399 3444 divi-

168 3491 247 3536 num
269 3468 485 3534 necessarium
508 3486 579 3532 esse
601 3467 695 3545 dicit,
723 3469 756 3530 et
778 3465 834 3546 qui
853 3464 1066 3530 abstinentiae
1088 3466 1171 3530 dono
1190 3485 1253 3530 non
1268 3465 1398 3546 gaudet,

168 3557 279 3638 potius
295 3572 427 3619 uxorem
442 3553 539 3618 ducat
554 3557 611 3638 aut
626 3551 735 3616 nubat.
780 3550 842 3626 Qui
857 3551 1059 3615 matrimonio
1071 3551 1174 3631 Juncti
1193 3555 1284 3630 sunt,
1309 3549 1398 3615 debi-

169 3650 241 3706 tum
263 3639 429 3720 conjugale
452 3657 515 3704 nou
534 3637 707 3718 denegent,
730 3635 791 3698 nisi
807 3634 849 3698 ad
864 3641 991 3715 tempus
1007 3653 1025 3699 e
1047 3640 1336 3700 mutuoconsensu
1356 3636 1399 3700 ad

170 3724 354 3808 peragenda
369 3723 499 3805 pietatis
515 3722 666 3787 exercitia
683 3721 717 3800 7,
742 3720 847 3782 1-9.
894 3719 1083 3804 Uorajapibus
1103 3720 1285 3784 christianis
1306 3739 1399 3802 prae·

171 3816 301 3892 ceptum
315 3807 443 3872 Domini
458 3807 605 3885 inculcat,
620 3826 682 3872 non
697 3825 717 3869 a
732 3805 917 3869 seinvicem
928 3805 1131 3884 discedendi,
1148 3806 1235 3886 quod
1247 3807 1274 3870 si
1286 3806 1400 3872 evitari

171 3902 206 3962 et
221 3893 407 3960 reconliatio
423 3891 492 3956 fieri
507 3911 569 3956 non
584 3891 696 3972 possit,
712 3889 817 3954 neutri
832 3889 919 3970 parti
933 3890 1021 3954 aliud
1036 3891 1218 3972 conjugium
1232 3891 1313 3957 inire
1323 3892 1400 3957 licet

172 3983 201 4060 7,
218 3980 353 4044 10—12.
390 3977 441 4040 De
456 3977 654 4040 rnatminom'o
669 3977 767 4038 meato
782 3975 958 4054 Apostolus
972 3975 1136 4056 hortatur,
1163 3995 1204 4041 ne
1218 3995 1295 4058 pars
1317 3976 1399 4041 chri-

170 4067 291 4144 stiana,
315 4063 532 4129 consentiente
546 4060 682 4141 infideh,
702 4059 782 4124 illud
797 4059 915 4138 solvat,
937 4079 1036 4140 quum
1050 4062 1147 4142 hujus
1162 4061 1400 4127 conversionem

170 4169 304 4232 sperare
318 4148 429 4226 bceat3
444 4147 559 4227 quodsi
573 4165 649 4210 vero
664 4142 801 4209 infidelis
815 4145 1052 4209 matrimonium
1067 4146 1252 4235 continuare
1263 4151 1400 4226 recuset,

171 4254 249 4316 pars
265 4233 438 4299 christiana
452 4231 554 4296 libera
569 4241 618 4295 est
635 4231 662 4309 7,
681 4229 920 4294 12-16.·1nde
935 4231 1132 4294 occasionem
1150 4231 1268 4311 repet‘t
1286 4231 1398 4311 paucis

172 4319 339 4397 monendi,
362 4323 399 4381 ut
414 4317 550 4396 quisque
564 4316 597 4379 in
613 4335 650 4380 eo
666 4319 754 4378 statu
770 4319 915 4394 externo,
935 4315 968 4377 in
983 4333 1046 4395 quo
1061 4319 1193 4379 vocatus
1209 4322 1273 4394 θεῖ,
1289 4335 1399 4397 perse-

171 4409 265 4469 veret
277 4404 305 4482 7,
319 4403 464 4481 17-24,
481 4405 513 4465 θῖ
527 4399 616 4464 filum
631 4399 782 4466 thematis
797 4397 970 4480 abruptum
985 4404 1152 4465 renectens
1167 4400 1207 4464 de
1222 4400 1399 4482 uirginibus

170 4509 211 4555 ac
226 4488 331 4552 viduis
347 4486 498 4566 speciaha
512 4485 634 4550 monita
648 4484 740 4548 addit
756 4484 783 4562 7,
799 4484 936 4548 25—40.

261 4575 293 4650 b)
316 4571 409 4648 Quod
424 4571 541 4635 attinet
560 4594 651 4633 asama
666 4568 922 4652 idolothytorum,
942 4569 1026 4635 hunc
1040 4570 1163 4635 hcitum
1185 4570 1329 4635 declarat
1349 4569 1399 4652 iis,

1144 4669 1195 4723 17*
