3356 5176
787 299 1050 360 „ggffl

308 467 429 534 tradita
444 467 494 532 vel
509 467 580 532 viva
595 485 681 547 voce,
697 467 747 532 vel
758 467 791 531 in
802 467 939 549 scriptis,
956 486 1038 548 quae
1049 467 1089 532 ab
1102 467 1247 534 omnibus
1262 466 1534 549 agnoscebantur3

307 571 497 633 persuasum
514 553 595 618 enim
612 558 682 618 erat
697 553 858 632 ecclesiae,
874 553 1045 634 Apostolos
1060 572 1118 618 nec
1133 553 1365 634 praedicantes
1381 553 1533 618 11666611-

308 638 420 702 bentes
436 638 497 705 sibi
509 638 747 719 contradixisse,
763 643 796 704 et
807 639 941 720 proinde
951 638 1077 718 librum,
1093 639 1148 720 qui
1160 639 1324 706 doctrinae
1335 638 1534 720 apostolicae

308 724 551 804 contradiceret,
567 725 738 806 genuinum
754 730 1035 806 6666111111116666.1
1064 724 1211 806 Denique

393 811 422 874 3.
445 809 625 872 Harmonia
640 809 787 874 dictiones
802 824 830 874 61
844 811 923 894 style·
934 834 1003 874 cum
1017 811 1177 876 ecrr'bccdc'
1189 810 1310 877 ratione
1325 809 1366 879 N.
1375 809 1412 872 F.
1427 822 1536 872 aecro-

308 895 396 960 6161
411 896 492 968 adeo
507 893 670 977 peculiari,
693 899 730 960 ut
743 894 864 960 facturn
879 895 1067 962 imitationis
1081 895 1259 977 periculum
1273 893 1398 961 felicem
1412 893 1537 960 hebere

308 1001 370 1046 non
384 985 495 1061 posset
508 999 700 1061 successum,
715 980 779 1046 irno
794 981 883 1047 brevi
898 982 1111 1064 detegeretur.

394 1065 496 1142 Quam
517 1085 651 1135 severae
672 1065 792 1132 fuerint
815 1067 967 1132 ecclesiae
989 1068 1140 1148 antiquae
1161 1067 1194 1132 in
1216 1065 1424 1131 observandis
1445 1065 1538 1130 hisce

310 1151 439 1216 criticae
461 1152 642 1233 principiis,
667 1161 700 1216 61
722 1156 842 1233 quanta
864 1153 1055 1218 certitudine
1077 1152 1261 1217 authentice
1284 1155 1317 1216 61
1337 1149 1539 1232 apostolicae

308 1236 439 1318 originis
454 1238 616 1318 gaudeant
630 1236 713 1317 libri,
736 1256 817 1319 quos
832 1256 891 1319 per
906 1257 960 1302 eas
984 1244 1017 1302 61
1032 1239 1205 1303 secundum
1220 1255 1275 1302 ees
1289 1237 1453 1315 habemus,
1476 1236 1538 1300 do-

308 1322 723 1488 166111ἐ11111161(161161111111116
739 1323 867 1404 seriptis
882 1323 1007 1390 biblicis
1022 1324 1074 1390 hic
1087 1324 1132 1390 ibi
1147 1327 1235 1388 mota
1250 1327 1283 1388 et
1301 1321 1382 1402 fota,
1406 1323 1447 1387 de
1463 1321 1538 1402 qui-

330 1425 369 1472 us
406 1459 412 1471 .
428 1408 479 1472 30.
494 1426 635 1489 egemus.

867 1629 897 1711 6.
919 1630 970 1694 eo.

309 1763 401 1816 Unde
415 1766 631 1827 cognoscitur,
649 1767 781 1828 quinem
793 1765 872 1817 libri
887 1766 922 1816 in
936 1765 1074 1818 diversis
1087 1765 1230 1818 ecclesiis
1242 1765 1277 1816 in
1290 1765 1453 1816 canonem
1467 1765 1540 1816 sint

860 1851 977 1904 nelarie

393 2004 483 2069 Licet
495 2005 562 2090 Jam
578 2024 659 2070 saec.
675 2005 700 2070 Ι.
720 2005 874 2070 librorum
889 2004 928 2069 N.
944 2005 979 2069 F.
996 2003 1198 2069 collectiones
1214 2003 1400 2081 existerent,
1425 2003 1540 2069 Oanon

308 2093 416 2153 tamen
438 2110 496 2170 per
518 2091 581 2154 tria
604 2090 732 2156 circiter
753 2091 882 2157 saecula
903 2091 935 2154 in
958 2089 1103 2155 omnibus
1126 2089 1278 2155 ecclesiae
1300 2088 1446 2170 pertibus
1473 2110 1540 2154 non

309 2179 379 2238 erat
393 2174 574 2254 uniformis3
594 2176 701 2256 potius
716 2177 801 2242 inter
815 2177 936 2256 scripta
950 2180 1061 2240 nostre
1077 2194 1168 2240 secra
1182 2175 1386 2242 inveniuntur
1400 2180 1539 2254 septem,

310 2277 447 2338 quorum
463 2261 588 2341 singula
601 2261 676 2325 inde
691 2261 732 2325 ab
747 2261 976 2342 Apostolorum
990 2279 1068 2326 aevo
1083 2261 1116 2324 in
1130 2261 1225 2342 huJus
1240 2261 1369 2341 quidem
1384 2259 1434 2325 vel
1449 2260 1541 2325 illius

281 2362 286 2371 ·
309 2344 491 2424 provinciae
516 2345 667 2426 ecclesiis,
691 2366 752 2413 non
774 2346 903 2412 veroin
925 2346 1046 2411 cunctis
1068 2346 1209 2410 unanimi
1228 2365 1384 2412 consensu
1404 2352 1541 2426 recepta

315 2435 413 2494 erant.
455 2431 590 2506 Quinam
610 2430 734 2498 libriin
755 2432 889 2499 diversis
909 2431 1061 2498 ecclesiae
1080 2431 1226 2513 partibus
1242 2431 1420 2513 antiquitus
1434 2431 1468 2496 in
1486 2451 1541 2496 ca-

311 2534 425 2579 nonem
440 2515 535 2583 161611
549 2517 621 2597 sint,
638 2518 852 2599 cognoscitur:

396 2601 423 2665 1.
448 2623 466 2668 6
480 2602 627 2683 patribus
642 2609 676 2667 et
691 2603 902 2684 scriptoribus
918 2602 1084 2682 ecclesiae3

395 2687 423 2750 2.
448 2707 465 2753 e
481 2687 636 2768 catalogis
650 2687 804 2754 librorum
820 2706 997 2767 sacrorum3

395 2773 423 2836 3.
448 2792 465 2837 6
480 2773 680 2838 versionibus
696 2773 929 2854 ecclesiasticis,
946 2776 978 2838 et

394 2858 423 2922 4.
448 2879 466 2924 6
482 2858 686 2925 conciliorum
701 2858 979 2925 declarationibus

394 2945 530 3010 Ratione
551 2945 753 3026 antiquitatis
774 2950 884 3027 patres
906 2943 1074 3027 apostolici
1093 2943 1178 3007 inter
1196 2947 1297 3008 testes
1311 2942 1383 3007 illos
1398 2943 1542 3025 primunr

311 3033 420 3094 tenent
434 3030 552 3109 locum;
568 3035 711 3096 attamen
727 3050 798 3095 eum
814 3051 876 3095 non
892 3031 998 3095 omnia
1014 3048 1124 3094 eorum
1140 3047 1239 3109 opera
1253 3028 1295 3092 ed
1310 3047 1367 3092 nos
1382 3047 1542 3108 pervene-

310 3114 389 3192 rint;
412 3133 484 3180 curn
498 3120 608 3196 patres
623 3117 747 3182 nonnisi
763 3116 840 3182 data
855 3115 1021 3180 occasione
1036 3115 1161 3196 singula
1175 3114 1296 3194 scripta
1311 3112 1458 3195 allegent,
1475 3134 1543 3180 non

310 3217 386 3264 vero
408 3200 548 3264 omniaa
568 3219 603 3265 se
623 3206 656 3266 61
675 3201 716 3266 ab
734 3201 875 3266 ecclesiis
896 3201 962 3264 suis
977 3201 1009 3264 in
1026 3218 1176 3265 canonem
1191 3204 1322 3281 recepta
1340 3206 1542 3281 enumerent,

313 3283 376 3349 imo
393 3288 426 3349 et
440 3284 504 3349 alia
519 3304 618 3366 opera
631 3287 664 3350 in
680 3305 832 3350 canonem
846 3306 909 3350 non
924 3285 1026 3350 relate
1041 3290 1301 3351 commemorent:
1317 3284 1423 3350 dubiis
1438 3286 1542 3350 variis

311 3369 495 3452 relinquunt
509 3369 622 3437 locum.
653 3371 759 3448 Quare
773 3371 893 3453 primas
908 3371 968 3436 hac
982 3371 1015 3434 in
1030 3389 1065 3435 16
1080 3375 1189 3451 partes
1201 3369 1371 3435 tribuimus
1381 3369 1542 3435 librorum
1565 3370 1568 3376 '

311 3473 475 3522 sacrorum
487 3455 651 3538 catalogis
662 3456 862 3522 versionibus
875 3461 907 3521 et
919 3455 1123 3522 conciliorum
1134 3454 1410 3535 declarationibus
1426 3459 1543 3541 patres

311 3558 386 3605 vero
402 3545 435 3606 et
450 3542 623 3624 scriptores
637 3543 671 3608 in
685 3543 864 3610 subsidium
877 3560 1036 3611 vocamus.

383 3778 392 3810 ¹
411 3775 437 3828 S.
450 3776 577 3830 Irenaeus
589 3777 648 3831 adv.
660 3777 733 3832 haer.
746 3778 793 3830 ΙΠ.
807 3777 862 3830 11.:
885 3777 1066 3830 Valentiniani
1083 3777 1110 3831 in
1128 3781 1232 3830 tantum
1250 3781 1439 3844 processerunt
1455 3777 1542 3830 auda-

313 3843 381 3907 61116,
403 3849 445 3907 ut,
466 3844 535 3911 quod
548 3846 581 3898 ab
593 3846 636 3899 his
648 3862 700 3899 non
712 3846 775 3900 olim
787 3845 974 3912 conscriptum·
983 3851 1036 3910 est,
1056 3845 1177 3898 1161116116
1189 3843 1355 3912 evangelium
1367 3843 1489 3909 titulent,
1513 3846 1542 3900 in

312 3911 395 3964 nihilo
413 3912 571 3966 conveniens
589 3915 767 3980 apostolorum
786 3913 944 3981 evangeliis,
962 3920 992 3967 ut
1007 3929 1057 3966 nec
1072 3913 1239 3980 evangelium
1257 3913 1363 3980 quidem
1384 3912 1455 3992 apud
1477 3913 1542 3966 illos

314 3979 371 4032 sine
382 3979 550 4047 blasphemia
561 3981 603 4034 611,
629 3981 657 4035 Si
669 3982 747 4047 enim,
764 3982 833 4050 quod
846 3981 929 4036 abeis
942 3981 1084 4048 profertur,
1102 3981 1221 4034 veritatis
1237 3987 1279 4034 est
1290 3980 1466 4048 evangchum,
1483 3981 1542 4036 dis·

316 4047 401 4100 simile
419 4053 510 4100 autern
527 4048 658 4112 horulis,
679 4066 747 4118 quae
764 4051 798 4104 ab
810 4048 937 4124 apostolis
949 4049 1025 4102 nobis
1037 4049 1137 4102 tradita
1148 4055 1221 4104 sunt:
1243 4050 1288 4117 qui
1299 4049 1403 4113 volunt,
1424 4056 1543 4116 possunt

313 4114 430 4180 discere,
451 4117 673 4182 quemadmodum
691 4134 725 4170 ex
741 4119 807 4187 ipsis
825 4117 965 4186 scripturis
976 4117 1137 4183 ostenditur,
1155 4118 1212 4185 jem
1224 4135 1277 4172 non
1289 4133 1348 4172 esse
1360 4117 1399 4182 id,
1420 4117 1492 4184 quod
1505 4119 1541 4172 ab

313 4184 440 4252 apostolis
452 4183 580 4239 traditum
592 4192 641 4251 est,
653 4186 772 4242 veritatis
784 4186 959 4256 evangelium.
