3314 5166
671 288 1062 388 '-114-

303 497 484 579 exemplum
498 497 660 578 Josephus
679 491 766 560 Plan.
782 493 929 558 Falarem
952 493 1124 574 quamdam
1146 491 1308 569 exhibet31
1330 490 1405 556 dein
1424 496 1527 557 autem

304 584 401 649 edam
415 584 476 648 viri
491 601 564 648 sese
577 582 786 660 madeant,
803 583 841 644 ut
854 578 1020 644 luvenalis
1034 577 1171 642 irridens
1186 581 1357 642 asamar

388 667 440 732 Ad
460 669 492 750 c)
513 667 676 748 Joeepnus
695 667 737 732 de
750 665 951 730 ludaeorum
973 663 1070 730 sectis
1092 663 1226 744 loquens
1244 665 1376 744 praeter
1394 661 1528 726 Essenos

302 753 446 820 nominat
460 753 651 818 Pharisaeos
666 755 700 816 et
715 751 930 829 Sadducaeos
946 754 980 814 et
993 748 1070 814 licet
1082 748 1211 813 illorum
1224 748 1380 828 pietatem
1393 745 1529 812 fucatum

304 840 473 921 genuinam
486 837 631 903 venditet
643 837 812 902 virtutem:
833 836 867 899 in
881 834 1009 915 placitis
1029 839 1139 899 tamen
1160 838 1194 900 et
1208 832 1351 898 moribus
1365 833 1530 913 utriusque

304 927 412 990 sectae
427 923 645 989 describendis
660 941 733 987 curn
747 919 786 984 N.
803 921 838 984 Τ.
854 919 1043 986 consentit.³

388 1008 440 1074 Ad
454 1009 490 1091 d)
506 1009 597 1074 Idem
611 1025 720 1073 rerum
730 1006 933 1088 judaicarum
947 1005 1087 1086 scriptor
1097 1003 1119 1069 J
1119 1002 1259 1084 osephus
1270 1003 1419 1083 repetitis
1432 1001 1531 1082 loqui·

304 1098 359 1158 tur
378 1093 502 1158 vicibus
521 1093 651 1175 dejure
671 1089 830 1173 pontificis
852 1095 885 1156 et
907 1089 1047 1171 synedrii
1070 1091 1104 1154 in
1126 1093 1253 1154 exteros
1275 1089 1373 1154 etiam
1393 1087 1531 1153 ludaeos

305 1179 521 1244 Romanorum
545 1177 722 1259 privilegiis
747 1177 909 1256 munito,⁴
936 1194 995 1241 nec
1019 1194 1082 1240 non
1106 1174 1149 1240 de
1172 1171 1377 1256 pontificibus
1401 1177 1470 1237 tarn
1492 1171 1531 1236 ab

304 1263 498 1343 Herodibus,
515 1281 612 1343 quem
626 1281 647 1327 a
660 1261 924 1344 procuratoribus
939 1261 1090 1325 Romanis
1103 1259 1290 1341 frequenter
1302 1257 1469 1340 depositis,
1489 1256 1533 1321 ita

303 1353 423 1428 1011011,
440 1353 478 1412 ut
492 1349 538 1414 eis
552 1348 709 1430 pristinae
725 1346 892 1428 dignitatis
906 1345 1143 1427 relinqueretur
1156 1344 1301 1410 titulus⁵

377 1603 387 1634 ¹
407 1599 464 1652 Jos.
476 1597 519 1652 Fl.
532 1600 596 1652 Ant.
609 1598 651 1664 18,
663 1599 688 1664 3,
700 1598 725 1652 3.

376 1670 387 1702 ²
407 1667 496 1737 Satyr.
508 1667 580 1721 XIV.
593 1683 617 1721 v.
630 1667 685 1720 96.:

583 1757 692 1816 Quidam
704 1757 789 1804 sortiti
801 1761 957 1802 metuentem
968 1755 1079 1802 sabbata
1090 1759 1191 1814 patrem

580 1825 653 1872 Nihil
666 1831 769 1884 praeter
782 1823 861 1870 nubes
875 1829 900 1870 et
913 1824 980 1869 coeli
992 1838 1084 1869 numen
1097 1823 1214 1884 adorant,

580 1893 634 1939 Nec
648 1893 744 1940 distare
758 1897 850 1952 putant
862 1892 973 1938 hnmana
985 1905 1059 1938 carne
1072 1891 1184 1950 suillam,

580 1960 636 2020 Qua
648 1967 722 2020 pater
734 1961 872 2019 abstinuit3
885 1974 943 2006 mox
955 1964 981 2006 et
994 1959 1129 2018 praeputia
1139 1963 1246 2019 ponunt*

579 2030 709 2078 Romanae
722 2033 806 2076 autem
819 2029 890 2074 soliti
903 2033 1067 2074 contemnere
1080 2029 1150 2087 leges

579 2097 716 2144 «Iudaicum
729 2097 849 2144 ediscunt
861 2101 887 2142 et
899 2101 1004 2144 servant
1015 2109 1046 2142 ac
1058 2099 1173 2142 metuunt
1182 2093 1236 2153 jue,

579 2165 697 2212 Tradidit
709 2179 802 2212 arcano
816 2164 983 2223 quodcunque
996 2164 1126 2210 volumine
1138 2163 1229 2210 Moses.

373 2243 644 2307 811111.18,1,2.3.;
669 2242 828 2308 „Habebunt
839 2242 936 2295 Judaei
954 2256 970 2294 a
986 2241 1082 2310 priscis
1100 2241 1162 2294 inde
1180 2246 1233 2293 tem
1269 2241 1344 2294 ribus
1361 2247 1416 2292 tres
1429 2239 1533 2306 patriae

307 2309 492 2378 philosophiae
504 2316 600 2374 sectas,
613 2325 694 2364 unam
706 2310 814 2378 quidem
820 2310 992 2374 Essenorum,
1004 2309 1117 2362 alteram
1126 2308 1214 2362 veroS
1250 2308 1421 2372 ducaecrum,
1429 2307 1537 2386 tertiam

305 2383 413 2445 autem,
452 2393 515 2430 uam
526 2377 721 2446 profitebantur
732 2378 871 2431 Pharisaei
887 2378 1001 2431 nomine.
1036 2377 1074 2430 Et
1090 2391 1250 2444 quamquam
1262 2376 1296 2430 dc
1307 2377 1382 2430 hisce
1393 2390 1499 2443 egrmus
1510 2391 1536 2428 nn

306 2445 425 2498 secundo
433 2394 512 2498 111110
527 2444 629 2513 judaici
646 2446 723 2510 belli,
744 2462 816 2500 nunc
832 2453 922 2500 tannen
933 2461 980 2499 eas
992 2445 1089 2498 iterum
1099 2445 1194 2524 paucis
1205 2445 1337 2513 attingere
1348 2459 1402 2497 non
1413 2444 1534 2523 grarabi·

307 2529 375 2566 mur.
401 2513 542 2566 Pharisaei
554 2513 625 2567 enim
637 2515 754 2568 tenuiter
765 2514 856 2568 1110111
867 2513 934 2568 nihil
950 2513 1053 2567 deliciis
1071 2514 1231 2576 trrbuentes,
1252 2519 1279 2566 et
1294 2527 1362 2580 quae
1380 2518 1451 2564 retro
1464 2511 1534 2580 Jndi·

306 2581 378 2634 cavit
395 2581 465 2634 bona
481 2596 512 2634 ac
530 2581 656 2647 tradidit,
677 2598 769 2636 eorum
785 2598 815 2635 re
863 2597 907 2635 am
919 2597 948 2636 se
967 2588 1081 2646 nuntur,
1101 2581 1201 2635 tuenda
1213 2581 1284 2634 omni
1295 2580 1373 2634 modo
1385 2586 1535 2644 censentes,

306 2663 374 2716 quae
385 2649 419 2702 ab
432 2648 486 2702 illis
498 2650 665 2717 praescripta
678 2656 748 2703 sunt.
773 2650 817 2704 Ex
839 2651 911 2704 'bent
922 2655 949 2703 et
980 2665 1088 2703 onorem
1100 2655 1188 2702 aetate
1200 2647 1423 2716 provectioribus,
1443 2664 1499 2702 non
1509 2647 1535 2702 id

306 2716 358 2770 sibi
370 2723 505 2770 sumentes
519 2733 580 2770 arro
634 2718 695 2784 tiae,
707 2725 737 2772 ut
750 2717 934 2771 contradicant
945 2718 983 2772 eis
995 2719 1085 2780 rebus,
1102 2732 1168 2785 quas
1179 2717 1219 2770 1111
1231 2717 1369 2770 induxere.
1394 2715 1536 2784 Quumque

305 2783 397 2838 dicent
407 2784 464 2838 fato
475 2786 565 2838 omnia
594 2785 642 2850 eri,
654 2786 818 2840 voluntatem
830 2786 945 2840 hominis
957 2802 1010 2839 non
1021 2787 1128 2853 privant
1138 2785 1240 2852 impetn
1251 2799 1268 2837 a
1280 2801 1309 2838 se
1321 2785 1381 2852 ipsa
1388 2784 1535 2851 pendente,

305 2851 404 2973 quippe
421 2853 460 2906 sic
471 2854 529 2907 Deo
546 2853 675 2932 placitum
690 2869 762 2920 esse,
784 2861 814 2908 ut
831 2861 904 2908 certo
919 2861 1130 2922 temperamento
1146 2853 1322 2908 miscerentur
1339 2853 1367 2904 in
1382 2868 1468 2904 unum
1487 2852 1536 2908 lati

325 2927 445 2974 ecreturn
462 2928 490 2974 et
506 2928 575 2975 retro
592 2922 721 2986 humane,
744 2923 767 2978 si
784 2922 844 2990 quis
855 2922 937 2976 vellet
948 2921 1075 2975 accedere
1087 2928 1134 2974 aut
1146 2937 1207 2975 cum
1219 2921 1283 2976 vitio
1294 2927 1341 2974 aut
1353 2936 1415 2973 cum
1427 2921 1535 2975 virtute.

307 2988 427 3042 Credunt
438 2990 519 3042 etiam
531 2990 626 3044 animis
639 2991 691 3044 rim
704 3006 764 3045 esse
776 2989 965 3054 immortalem,
987 3004 1018 3042 ac
1037 2990 1086 3043 sub
1104 2996 1178 3042 terra
1193 2989 1235 3042 vel
1247 2989 1373 3056 praemiis
1386 2986 1428 3041 vel
1442 2990 1534 3056 poenis

306 3071 352 3109 eos
364 3056 445 3121 affici,
458 3058 503 3124 qui
515 3058 543 3110 in
555 3059 606 3111 hac
618 3059 673 3111 vita
684 3059 776 3112 vhtuti
789 3074 817 3112 se
830 3065 878 3110 aut
889 3058 959 3111 vitiis
972 3057 1135 3124 addixerint3
1155 3057 1242 3110 ethos
1254 3056 1362 3124 quidem
1374 3057 1537 3124 sempiterno

306 3138 414 3178 carcere
433 3124 539 3178 clausos
558 3125 655 3190 teneri,
675 3126 731 3180 illis
747 3141 809 3180 vero
824 3126 982 3180 facultatem
999 3141 1058 3180 esse
1070 3126 1099 3178 in
1110 3125 1192 3178 vitam
1204 3124 1342 3178 redeundi.
1376 3123 1415 3176 Et
1426 3133 1537 3194 propter

306 3191 374 3246 haec
389 3199 480 3244 tentae
498 3193 570 3260 apud
587 3193 715 3262 populum
734 3201 796 3247 sunt
812 3193 992 3258 auctoritatis,
1014 3200 1044 3246 ut
1054 3208 1228 3261 quaecunque
1239 3192 1274 3246 ad
1286 3191 1442 3260 religionem
1455 3195 1536 3260 perti-

303 3266 389 3313 neant
401 3260 610 3328 supplicationes
628 3268 656 3315 et
672 3261 816 3326 sacrificia,
837 3262 889 3314 ista
906 3276 940 3314 ex
955 3276 1047 3314 eorum
1062 3260 1282 3328 interpretatione
1298 3260 1372 3313 fiant
1407 3261 1536 3330 Amplum

307 3326 373 3381 adeo
385 3328 491 3382 virtutis
504 3329 685 3382 testimonium
698 3330 737 3382 eis
750 3329 883 3382 dederunt
893 3329 1022 3392 civitates,
1034 3329 1104 3396 quod
1116 3328 1157 3394 iis,
1177 3343 1245 3396 quae
1257 3329 1358 3396 optima
1368 3335 1469 3394 essent,
1483 3337 1537 3384 stu·

307 3395 422 3460 ducunt,
435 3403 490 3448 tarn
502 3397 531 3448 in
542 3397 697 3475 vitaquam
709 3397 836 3450 oratione.
860 3427 890 3434 -
915 3396 1131 3450 Sadducaeorum
1143 3411 1206 3450 vero
1218 3395 1341 3450 doctrina
1352 3395 1425 3459 lacit,
1438 3404 1470 3450 ut
1482 3397 1536 3451 ani·

307 3478 367 3518 mac
380 3480 441 3517 cum
453 3465 609 3532 corporibus
620 3470 765 3531 intereant3
785 3480 836 3518 nec
848 3463 888 3516 illi
900 3465 1040 3532 quicquam
1053 3463 1127 3518 alind
1139 3470 1247 3531 praeter
1265 3463 1353 3531 legem
1365 3463 1416 3516 sibi
1428 3481 1536 3519 servan-

307 3531 372 3584 dum
383 3531 526 3586 vindicant.
559 3532 629 3585 Nam
642 3540 735 3586 contra
746 3533 888 3600 magistros
900 3533 1007 3600 quidem
1020 3533 1092 3600 ejus,
1115 3547 1193 3600 quam
1207 3539 1369 3599 sequuntur,
1390 3534 1537 3600 sapientiae

243 3635 246 3642 ·
308 3598 445 3666 disputare
462 3601 555 3654 virtuti
572 3601 705 3664 tribuunt,
727 3615 871 3667 eorumque
888 3601 1005 3668 opinioni
1020 3600 1203 3667 suffragantur
1223 3600 1317 3667 pauci,
1339 3599 1387 3652 sed
1407 3599 1537 3670 dignitate

306 3666 394 3732 primi.
426 3668 515 3735 Atque
527 3668 560 3722 ab
572 3668 626 3722 illis
639 3669 705 3722 nihil
718 3667 774 3722 lere
786 3669 886 3747 egitur3
908 3684 970 3722 narn
983 3669 1005 3722 si
1022 3669 1126 3735 quando
1143 3667 1316 3735 magistratus
1332 3673 1442 3735 gerunt,
1463 3669 1538 3722 inviti

305 3733 414 3801 quidem
427 3741 454 3788 et
465 3736 625 3790 necessitate
637 3736 722 3790 coacti
733 3736 940 3789 Pharisaeorum
952 3736 1068 3804 opinioni
1080 3735 1275 3799 assentiuntur,
1294 3733 1364 3802 quod
1377 3750 1423 3790 cos
1436 3736 1535 3804 alioqui

307 3816 361 3854 non
372 3801 456 3856 ferret
467 3804 605 3871 populos.“
630 3803 685 3858 011.
698 3805 728 3858 Β.
739 3804 760 3871 j.
774 3806 798 3869 2,
811 3805 836 3868 9,
850 3805 872 3856 1.
885 3810 913 3856 et
924 3802 1001 3856 alias.

377 3873 388 3902 ⁴
405 3867 460 3923 011.
473 3871 536 3924 Ant.
550 3873 591 3934 14,
605 3872 645 3935 10,
657 3873 682 3924 4.
696 3874 737 3935 16,
750 3872 774 3935 6,
788 3872 863 3924 1-1.
888 3871 987 3924 Contra
995 3870 1127 3938 Apicnem
1139 3869 1215 3924 dicit:
1228 3869 1331 3936 „Unius
1341 3869 1392 3924 Dei
1406 3871 1535 3939 templum

306 3953 392 3990 unum
404 3952 463 3990 esse
475 3938 557 4005 (quod
568 3939 649 3992 simili
661 3939 747 3992 simile
759 3938 933 4006 delectetur),
954 3938 1072 4005 adeoque
1085 3953 1224 3992 commune
1237 3954 1299 3992 cum
1318 3939 1455 4003 omnibus,
1477 3939 1537 4007 quia

306 4005 335 4060 N
335 4005 419 4059 umini
430 4005 548 4059 omnium
560 4021 698 4060 commune
712 4022 826 4060 sacrum.
851 4007 892 4059 Ao
904 4006 1073 4059 sacerdotum
1086 4003 1193 4072 quidem
1205 4005 1329 4074 proprias
1341 4006 1400 4073 ejus
1413 4005 1537 4074 placandi

307 4079 401 4142 partes
413 4088 481 4136 esse,
502 4073 536 4126 iis
548 4079 639 4127 tamen
650 4090 733 4127 unum
746 4089 853 4141 semper
863 4072 980 4140 aliquem
992 4088 1119 4141 praeesse
1131 4087 1229 4140 genere
1241 4073 1398 4141 principem,
1419 4075 1536 4142 quicum

307 4141 369 4194 eliis
382 4141 565 4196 sacerdotibus
572 4142 630 4195 Deo
642 4140 783 4205 sacrificet,
796 4141 869 4208 leges
882 4140 1023 4206 custodiat,
1036 4141 1059 4194 si
1070 4139 1134 4208 quid
1146 4141 1197 4194 erit
1206 4146 1415 4207 controversum,
1427 4141 1536 4196 arbitrio

310 4207 431 4275 deliniat,
453 4216 575 4277 peractos
593 4209 706 4277 denique
723 4225 783 4262 reos
797 4209 872 4276 justo
890 4225 940 4276 sup
959 4208 1020 4262 licio
1038 4213 1167 4262 coerceat.
1202 4209 1240 4262 Et
1251 4208 1297 4277 qui
1309 4209 1398 4264 minus
1410 4210 1536 4277 paruerit,

310 4292 396 4379 poen?
397 4277 539 4398 110οΠ111111
540 4277 591 4397 ef}
592 4292 636 4398 agn
640 4293 663 4398 3θ
665 4277 797 4397 ε811(Ιὲἃὲἰ
809 4276 937 4397 11θο818
951 4276 1130 4398 189Π1Π1ω11θ
1138 4275 1293 4398 09028ή11ί4
1313 4344 1330 4398 8
1360 4345 1393 4397 19
1413 4345 1429 4398 8
1451 4345 1466 4397 1
1497 4344 1529 4397 20

311 4385 799 4476 9‚1,7,2[i‚9‚4⁸,26‚io‚·al,'’⁸
851 4385 894 4409 11
984 4383 1065 4408 11·
1118 4383 1199 4409 11·
1257 4384 1338 4412 11·
1394 4383 1475 4410 11·
1530 4383 1536 4408 1
