3428 5180
781 213 1066 280 —296—

310 389 484 453 Praeterea
500 387 696 452 Clementem
710 385 803 451 Pauli
820 390 1062 468 cooperatorem
1078 391 1110 451 et
1126 403 1198 449 cum
1213 403 1251 450 eo
1266 385 1299 448 in
1313 385 1418 466 prima
1438 385 1534 466 capti-

309 474 410 539 vitate
426 474 547 538 Romae
561 471 669 550 fuisse,
686 490 724 537 ex
740 471 831 552 epist.
849 473 891 537 ad
906 471 1043 553 Philipp.
1059 471 1089 550 4,
1106 473 1135 536 3.
1152 471 1331 535 edocemur.

395 559 518 635 Quodsi
533 556 678 621 omnibus
693 557 743 621 his
757 557 925 638 perpensis
941 562 1084 623 statuere
1099 555 1149 621 ias
1165 560 1222 635 est,
1238 555 1434 621 Clementem
1446 555 1479 618 in
1489 574 1534 636 ep.

310 644 352 708 ad
367 643 465 707 Hebr.
482 644 602 723 scripta
618 642 774 723 quasdam
789 643 940 708 habuisse
954 647 1073 722 partes,
1090 641 1236 722 quaestio
1252 642 1369 720 oritur,
1387 641 1536 721 quidhoc

310 734 459 809 respectu
475 728 543 810 ejus
558 727 774 808 cooperationi
789 728 969 793 debeatur?
991 728 1118 808 Duplex
1128 728 1189 791 hac
1203 727 1237 790 in
1248 745 1283 792 re
1293 727 1378 791 inter
1390 726 1536 807 antiquos

311 814 441 895 vigebat
462 813 636 890 sententia;
659 813 752 892 Juxta
773 813 984 894 antiquiorem
1008 819 1041 877 et
1055 813 1220 893 vulgarem
1235 831 1254 875 a
1270 811 1435 877 Clemente
1449 811 1536 875 Rom.

312 897 447 980 epistola
458 898 551 961 Paub
562 897 712 962 hebraice
724 897 844 978 scripta
856 897 1034 979 elegantius
1047 903 1080 962 et
1093 897 1226 962 liberius
1240 897 1272 960 in
1287 913 1440 977 graecum
1457 906 1538 960 esset

310 1001 419 1062 versa;
436 984 610 1046 secundum
625 981 776 1061 alteram,
793 1001 877 1064 quae
892 984 1062 1064 Origenem
1077 982 1176 1047 habet
1189 987 1367 1060 auctorem,
1393 980 1537 1045 Clemens

312 1067 571 1133 commentatoris
597 1069 700 1131 instar
731 1068 872 1148 cogitata
903 1067 1049 1149 magistri
1079 1069 1288 1148 exposuisset.
1332 1067 1537 1131 Praesentem

312 1152 468 1233 epistolae
489 1152 624 1217 formam
646 1151 758 1216 haberi
780 1171 843 1215 non
862 1171 958 1232 posse
981 1152 1157 1233 simplicem
1180 1172 1198 1218 e
1218 1152 1326 1233 lingua
1340 1151 1538 1216 hebraicam

313 1256 463 1319 graecam
478 1237 729 1315 translationem,
746 1235 869 1301 inficias
883 1237 923 1301 iri
938 1237 1057 1318 nequit,
1074 1243 1107 1303 et
1122 1238 1251 1318 quidem
1267 1237 1307 1301 ob
1323 1235 1398 1316 styli
1414 1235 1538 1316 elegan-

313 1323 392 1386 tiam
409 1330 442 1387 et
458 1323 497 1386 ob
514 1330 709 1386 structuram
724 1322 936 1401 periodicam,
961 1323 1000 1386 ob
1016 1323 1258 1404 paronomasias
1272 1320 1382 1401 plures
1404 1339 1539 1402 graecae

313 1412 439 1470 tantum
463 1406 590 1486 linguae
610 1406 803 1486 peculiares,
829 1407 870 1472 ob
890 1407 977 1472 locos
993 1407 1029 1471 V.
1045 1409 1081 1472 F.
1100 1409 1193 1489 juxta
1210 1407 1388 1472 versionem
1404 1407 1539 1486 Septua-

313 1492 403 1573 ginta
425 1492 540 1555 citatos
563 1491 660 1556 etiam
680 1491 739 1569 ibi,
770 1492 825 1555 ubi
847 1491 926 1557 haec
948 1512 967 1556 a
986 1497 1076 1557 textu
1091 1493 1242 1558 hebraico
1257 1492 1409 1570 discedit,
1442 1496 1480 1554 ut
1495 1492 1533 1554 10

312 1576 406 1640 5-7.
430 1576 498 1640 coll.
522 1595 546 1640 c.
569 1576 622 1640 Ps.
644 1576 704 1655 40,
729 1576 757 1639 l.
780 1578 809 1646 ,8.
824 1578 1032 1643 -Attamen
1053 1584 1225 1659 utramque
1244 1577 1437 1642 sententiam
1452 1575 1537 1640 illam

314 1661 481 1726 conciliare
495 1661 570 1726 licet
584 1661 768 1741 adoptando
783 1662 970 1727 relationem
985 1681 1010 1727 s.
1024 1664 1226 1744 Hieronymi,
1253 1662 1308 1744 qui
1330 1663 1371 1726 de
1392 1660 1472 1724 viris
1494 1661 1535 1725 ill.

314 1747 384 1811 15.
400 1747 462 1810 ait:
484 1745 685 1830 „Scripserat
699 1759 734 1810 at
748 1745 912 1810 Hebraeus
928 1748 1080 1811 Hebraeis
1094 1747 1251 1829 hebraice,
1270 1749 1292 1811 e'.
1308 1770 1332 1810 e.
1348 1769 1404 1809 suo
1421 1745 1539 1830 eloquio

313 1831 660 1912 111111111111’1111,111111,
685 1854 764 1915 quae
780 1830 954 1916 eloquenter
970 1834 1089 1917 acceptu
1100 1835 1235 1918 fueraut
1248 1834 1281 1895 t'a
1296 1831 1460 1911 Hebraeae,
1484 1830 1537 1892 elo-

314 1917 900 2001 1111111111111111111111’119111111111“,
916 1922 949 1981 11
964 1918 1059 1985 simul
1073 1919 1223 1983 adnotat:
1246 1917 1365 1997 „Qum
1382 1914 1539 1995 (Clemen-

194 2045 201 2058 .
314 2002 394 2083 tem)
416 2001 506 2086 tcy'uat
526 2001 595 2084 11111
611 2000 793 2083 adjunctum
812 2002 979 2064 1111111111
993 2003 1096 2066 Pauli
1110 2005 1242 2087 proprio
1266 2001 1431 2064 mdeieoaee
1448 2013 1477 2062 11
1495 2021 1540 2061 or·

313 2108 405 2148 nasse
419 2084 588 2148 sermone‘t
611 2085 693 2148 Utra
705 2091 814 2150 autem
825 2086 939 2149 harum
952 2089 1183 2153 sententiarum
1194 2086 1407 2168 praeferatur,
1423 2085 1542 2150 Paulus

316 2169 471 2251 epistolae
486 2175 616 2234 nostrae
631 2176 744 2235 auctor
758 2170 944 2251 principalis
959 2173 1179 2254 agnoscendus
1195 2177 1253 2237 est,
1299 2172 1332 2236 Si
1347 2170 1388 2235 ob
1411 2169 1542 2234 testium

205 2259 206 2264 ’
316 2255 541 2320 auctoritatem
556 2254 759 2335 praeferatur
770 2256 867 2335 prior,
882 2256 957 2322 inde
968 2257 1061 2321 simul
1074 2257 1250 2340 explicatur
1262 2255 1416 2321 ecclesiae
1428 2257 1541 2320 Roma-

288 2347 293 2352 ’
317 2358 377 2403 nae
392 2339 508 2420 agendi
523 2340 622 2418 ratio;
644 2358 717 2403 nam
733 2340 886 2421 quamdiu
903 2340 1047 2407 Clemens
1063 2348 1228 2423 superstes
1244 2347 1314 2406 erat
1337 2346 1370 2404 et
1390 2340 1542 2405 ecclesiae

317 2425 480 2488 Romanae
500 2424 682 2504 episcopus,
704 2424 737 2488 in
756 2425 815 2489 hac
831 2425 967 2505 epistola
982 2433 1092 2492 nostra
1107 2428 1128 2491 J
1130 2425 1417 2492 udaeochristianis
1433 2426 1542 2490 Palae-

318 2509 513 2574 stinensibus
538 2509 698 2573 destinata
720 2529 782 2573 non
803 2510 930 2590 publice
950 2512 1198 2594 praelegebatur
1216 2531 1320 2592 neque
1339 2511 1372 2573 in
1392 2529 1543 2576 canonem

318 2594 547 2674 recipiebatur;
563 2612 635 2658 cum
650 2594 723 2658 dein
739 2595 841 2658 serius
856 2600 930 2676 post
944 2603 1080 2662 mortem
1090 2597 1261 2662 Clementis
1271 2597 1391 2660 Romae
1406 2597 1543 2660 innotes-

319 2683 415 2757 ceret,
432 2678 472 2742 ob
489 2679 704 2760 antiquiorum
719 2679 850 2743 testium
866 2678 1025 2746 defectum
1037 2702 1099 2746 non
1111 2682 1334 2762 recipiebatur,
1352 2686 1385 2745 et
1397 2681 1438 2744 ob
1452 2699 1543 2761 argu·

320 2768 427 2828 menta
441 2762 566 2828 interna
583 2768 615 2828 et
627 2769 762 2846 propter
776 2763 806 2827 N
808 2765 973 2858 ovatianos
988 2767 1270 2831 addubitabatur.¹

871 2949 899 3030 ξ.
918 2951 989 3016 195.

557 3067 681 3125 Quibus
692 3067 866 3118 lectoribus
879 3070 1000 3131 scripta
1012 3070 1056 3120 sit
1068 3071 1146 3120 haec
1159 3069 1304 3131 epistola.

403 3184 549 3266 Epistola
563 3186 642 3250 haec
659 3192 811 3251 consueta
826 3193 914 3251 caret
930 3186 1139 3268 dedicatione,
1156 3189 1188 3252 in
1200 3207 1263 3269 qua
1275 3193 1388 3251 auctor
1400 3193 1434 3251 et
1447 3187 1543 3250 lecto-

319 3290 371 3335 res
386 3271 596 3335 nominentur.
624 3271 775 3335 Attamen
789 3271 888 3336 habet
902 3272 1141 3352 inscriptionem
1156 3275 1240 3358 πρὸς
1251 3271 1433 3359 Ἑβραίους,
1450 3289 1543 3350 quam

318 3375 381 3419 non
395 3361 522 3419 tantum
542 3356 734 3435 superstites
758 3355 906 3421 exhibent
929 3357 1054 3423 codices
1079 3357 1202 3439 graeci,
1230 3357 1287 3422 sed
1314 3357 1411 3421 etiam
1438 3359 1544 3420 omnes

318 3440 480 3504 versiones
497 3447 529 3505 et
544 3440 638 3503 multi
653 3441 845 3520 scriptorum
861 3440 935 3505 eccl.
951 3442 1182 3522 antiquiorum,
1205 3447 1242 3505 ut
1257 3443 1456 3519 Pantaenus,
1480 3439 1544 3503 Cle-

319 3547 403 3587 1111111
417 3525 521 3605 Alea,
538 3523 766 3602 Tertullianus,
792 3524 839 3589 ita
853 3530 890 3588 ut
905 3531 1048 3591 statuere
1062 3527 1173 3606 bceat,
1200 3546 1269 3592 eam
1283 3543 1387 3605 usque
1402 3526 1444 3589 ad
1457 3531 1544 3592 aeta-

319 3611 386 3671 tem
408 3609 616 3688 apostolicam
640 3610 838 3691 pertingere,
866 3615 899 3674 et
921 3610 961 3674 ab
984 3612 1055 3692 ipso
1077 3631 1101 3676 s.
1117 3611 1219 3676 Paulo
1233 3610 1284 3676 vel
1298 3611 1483 3675 immediate
1498 3607 1545 3672 vel

319 3693 458 3756 mediate
474 3694 677 3759 descendere.
995 3711 997 3716 ⁴

372 3817 376 3824 -
407 3777 444 3838 ln
465 3776 503 3839 N.
519 3777 554 3839 T.
573 3777 719 3865 Ἑβραῖοι
742 3779 892 3843 dicuntur
910 3782 935 3842 l.
952 3780 1068 3844 Judaei
1083 3777 1232 3861 respectu
1250 3781 1376 3860 patriae
1390 3778 1545 3844 Palaesti-

320 3860 428 3925 nensis
455 3864 487 3923 et
513 3860 640 3942 linguae
666 3863 845 3928 aramaicae
871 3864 1076 3942 vernaculae,
1108 3870 1141 3930 et
1167 3865 1207 3928 ab
1235 3864 1281 3929 eis
1305 3865 1545 3944 distinguuntur

319 3941 520 4034 Ἑλληνισταί
533 3944 553 4008 i.
570 3965 595 4010 e.
612 3946 729 4012 Judaei
744 3949 853 4026 exteri,
870 3966 984 4028 graece
999 3948 1167 4028 loquentes
1183 3949 1303 4028 (Actd,
1315 3949 1372 4030 1.);
1388 3945 1545 4013 n-Juoaei

321 4029 499 4111 generatim
515 4029 639 4094 ratione
653 4031 763 4095 habita
778 4032 915 4096 nationis
932 4038 964 4096 et
979 4033 1141 4115 religionis
1157 4034 1211 4113 (ΙΙ.
1222 4033 1292 4098 Cor.
1306 4034 1355 4111 11,
1365 4032 1415 4097 22.
1431 4032 1544 4112 Philip.

323 4117 352 4194 3,
367 4114 422 4196 5.),
439 4119 472 4179 11
488 4115 534 4178 111
550 4112 914 4203 1111111111111Ἓ11ηνες,
932 4117 1111 4182 ethnici-
1125 4119 1162 4182 111
1173 4117 1379 4198 inscriptione
1392 4118 1544 4199 epistolae

321 4205 451 4263 nostrae
466 4219 528 4263 non
542 4199 765 4281 intelligendos
781 4219 852 4265 esse
868 4201 1010 4267 Judaeos
1025 4203 1220 4282 increduloS,
1240 4203 1298 4268 sed
1313 4202 1513 4267 Christianos
1528 4220 1544 4264 e
1615 4251 1618 4262 ,

322 4283 456 4348 Judaeis
478 4302 665 4363 conversos,
692 4285 847 4364 epistolae
867 4292 1091 4368 argumentum
1111 4288 1220 4366 docet;
1247 4288 1344 4352 etiam
1364 4305 1388 4350 1.
1405 4286 1543 4351 Jacobus

322 4401 526 4416 t——q-——nn

392 4469 401 4498 ¹
419 4464 473 4518 Cir.
486 4465 602 4521 Reithm.
615 4465 686 4520 Einl.
699 4467 728 4519 in
738 4467 790 4520 den
801 4466 878 4520 Brief
885 4483 920 4520 111
932 4468 974 4522 die
986 4469 1068 4523 Hebr.
