3356 5176
155 508 255 572 Marci
272 510 403 590 propria
418 510 487 590 ejus
502 529 598 575 manu
614 512 767 592 scriptum
784 510 948 575 donarent.
983 509 1218 591 Forojulienses
1233 510 1381 591 precibus

154 594 245 658 ducis
277 603 471 675 annuerunt,
502 602 535 660 et
563 597 662 662 codex
690 597 744 662 ille
770 596 898 677 ingente
925 597 1024 660 totius
1050 595 1140 660 urbis
1166 596 1380 676 gratulatione

152 683 305 760 receptus
321 685 379 759 est,
396 680 543 762 religiose
557 682 723 762 hucusque
738 686 932 761 asservatus,
949 681 1044 745 oodooc
1066 683 1193 746 Venetas
1209 681 1331 761 dictus,
1348 686 1380 744 et

151 766 294 828 omnium
308 764 564 845 inspecturorum
579 767 678 832 oculis
694 767 828 832 sollicite
843 766 1058 831 ιιιιιιιιιιιιι.1

241 849 372 914 Certum
387 851 497 932 itaque
513 858 578 917 est:
595 853 735 918 codicem
750 852 908 917 Venatum
919 850 1068 932 Aquileia
1079 852 1277 933 Forojulium
1291 851 1380 916 inde-

152 953 218 1015 que
233 935 387 1000 Venetias
409 937 580 1018 migrasse,
603 943 636 1002 et
656 939 791 1002 eundem
810 957 872 1002 non
887 938 1046 1018 integrum
1062 955 1086 1000 ι.
1102 937 1204 1002 Marci
1220 937 1381 1003 continere

151 1020 363 1102 evangehum,
379 1023 436 1086 sed
451 1023 525 1088 inde
541 1024 621 1088 duos
637 1023 863 1103 quaterniones
871 1023 938 1103 jam
949 1022 1116 1103 Aquileiae
1129 1041 1199 1088 esse
1211 1024 1382 1104 decerptos

151 1112 184 1170 et
196 1105 338 1187 Pragam
352 1105 477 1187 missos
492 1109 539 1173 ita
553 1115 598 1189 ut,
614 1110 700 1189 quod
716 1109 757 1174 dc
772 1127 838 1172 uno
853 1108 947 1188 valet,
964 1109 1060 1172 etiam
1072 1108 1112 1172 de
1124 1108 1226 1172 altero
1238 1127 1383 1172 asserere

151 1191 260 1255 liceat.
294 1192 405 1272 Aeque
419 1193 584 1258 indubium
602 1200 667 1274 est,
688 1193 829 1259 codicem
845 1194 1003 1258 Venetum
1025 1200 1057 1258 et
1076 1192 1289 1274 fragmentum
1305 1192 1383 1256 Pra-

151 1295 254 1358 gense
265 1277 307 1340 ab
318 1278 441 1374 origine
451 1299 513 1343 non
524 1279 623 1344 fixisse
634 1280 885 1378 manuscriptum
896 1279 1066 1359 peculiare,
1078 1298 1137 1359 per
1148 1297 1183 1343 se
1195 1279 1382 1357 subsistens,

151 1363 211 1426 sed
238 1363 365 1427 nonnisi
386 1369 511 1444 partem
534 1365 652 1430 codicis
673 1366 763 1447 prius
782 1364 1012 1445 Aquileiensis
1035 1382 1119 1428 nunc
1139 1363 1382 1446 Forojuliensis3

152 1447 277 1512 etenim
303 1448 338 1530 a)
365 1454 449 1514 teste
416 1450 683 1532 ιΒΙιιιιοΙιίιιιιι,
708 1451 763 1531 qui
790 1450 931 1514 codicem
957 1449 1208 1531 Forojulieusem
1234 1455 1384 1514 accurate

151 1533 345 1613 descripsit
373 1535 438 1597 et
430 1554 463 1598 m
488 1543 582 1615 parte
607 1536 683 1600 II.
673 1556 706 1601 m
732 1536 908 1617 appendice
935 1535 1139 1617 evangeliarii
1163 1527 1384 1685 quadruplicis

153 1619 277 1699 edidit,
301 1619 354 1683 hic
379 1620 478 1684 codex
504 1621 547 1685 ad
571 1620 667 1686 finem
693 1621 849 1703 evangelii
875 1639 899 1685 s
920 1621 1078 1685 Matthaei
1104 1625 1177 1685 cont
1178 1623 1245 1685 inet
1231 1620 1384 1686 tve2rba

151 1703 361 1788 „Sequuntur
375 1705 478 1768 bracca
493 1707 660 1770 occandum
676 1707 861 1770 Morcrcrffl·
850 1751 860 1789 ,
877 1711 952 1786 post
965 1707 1088 1786 breveS,
1105 1725 1188 1786 quac
1200 1725 1331 1770 numero
1345 1706 1385 1768 12

152 1794 249 1868 sunt,
278 1797 417 1870 sequunt
417 1809 457 1854 ur
476 1792 562 1872 capit
548 1792 616 1856 tula
631 1792 673 1856 46
697 1811 767 1857 cum
782 1792 916 1873 inscript
916 1793 1004 1856 ione:
1027 1791 1146 1876 „Capit
1134 1793 1203 1855 arlo
1217 1792 1385 1855 secundom

153 1875 327 1938 Marcam“
327 1876 464 1956 qurbus
475 1878 584 1942 ordine
593 1878 743 1958 descmp
735 1897 762 1941 ιι
771 1877 920 1958 subjunc
920 1897 974 1940 um
983 1877 1118 1958 leg1tur
1134 1875 1384 1960 „Eoeplo'caerant

152 1960 303 2044 capacia
317 1962 484 2024 comodum
498 1963 652 2025 Marcum.
674 1963 813 2043 Explicit
828 1961 1026 2043 evangelium
1041 1961 1214 2025 secundum
1230 1961 1384 2042 Marcum,

152 2045 271 2126 incipit
286 2047 460 2110 secundum
472 2047 621 2111 Lucam“.
644 2048 692 2111 Ex
706 2048 755 2111 his
770 2047 880 2127 itaque
895 2053 995 2127 patet,
1010 2047 1043 2110 in
1054 2046 1163 2110 codice
1174 2046 1383 2126 ForoJuliensi

152 2131 241 2195 inter
256 2131 456 2211 evangelium
471 2132 628 2197 Matthaei
644 2139 677 2198 et
688 2135 794 2197 Lucae
809 2132 849 2196 ab
865 2132 956 2196 initio
972 2132 1068 2196 etiam
1083 2131 1162 2195 illud
1175 2132 1276 2195 Marci
1286 2131 1385 2195 fuisse

153 2217 309 2296 positum,
327 2217 430 2282 senus
441 2217 550 2282 autem
561 2218 635 2283 inde
647 2219 842 2299 decerptum,
854 2217 1069 2299 peculiaribus
1081 2217 1182 2282 thecis
1194 2217 1385 2281 instructum

155 2308 186 2366 et
200 2301 307 2365 Marci
322 2304 544 2384 autographon
559 2304 713 2369 habitum.
736 2304 826 2368 Idem
842 2302 1048 2368 confirmatur
1062 2302 1094 2384 b)
1110 2303 1288 2367 omnimodo
1300 2302 1385 2383 frag-

154 2387 258 2452 menti
274 2386 446 2468 Pragensis
463 2405 534 2454 cum
549 2390 658 2454 codice
674 2389 885 2470 ForoJuliensi
900 2407 1064 2468 consensu,
1089 2388 1116 2452 si
1123 2387 1271 2472 formam
1285 2390 1386 2469 respi-

65 2471 69 2478 ’
156 2473 239 2550 ciaS,
261 2472 309 2536 ita
323 2478 362 2535 ut
374 2491 457 2538 unus
472 2475 622 2555 idemque
637 2474 722 2539 illius
738 2481 771 2538 et
785 2475 881 2556 hujus
896 2491 931 2539 se
946 2475 1064 2555 prodat
1077 2473 1236 2537 librarius.
1269 2473 1385 2549 Quem-

156 2558 334 2623 admodum
364 2558 447 2622 enim
476 2565 561 2625 teste
589 2560 775 2624 Blanchinio
805 2561 838 2623 in
873 2561 934 2624 hoc
971 2560 1079 2624 codice
1115 2559 1300 2623 membrana
1337 2564 1387 2623 est
1482 2608 1496 2632 .

155 2643 365 2723 tenuissima,
388 2643 553 2708 literarum
575 2646 746 2709 latinarum
760 2644 864 2727 figura
879 2645 1053 2726 quadrata,
1080 2645 1240 2724 scriptura
1253 2645 1286 2708 in
1305 2645 1386 2708 duas

156 2729 323 2794 columnas
334 2729 367 2792 in
381 2735 520 2810 utraque
534 2729 681 2795 foliorum
695 2731 812 2812 pagina
827 2731 997 2813 disposita,
1015 2736 1047 2795 et
1062 2730 1225 2810 quaelibet
1241 2730 1386 2794 columna

157 2816 196 2878 19
213 2813 309 2878 lineis
325 2819 463 2894 constat,
485 2834 620 2896 quarum
634 2835 698 2879 una
713 2823 763 2880 est
777 2816 916 2897 longior,
943 2816 1070 2880 brevior
1084 2815 1202 2880 altera:
1228 2817 1274 2879 ita
1290 2816 1386 2879 etiam

157 2906 277 2964 cuncta
291 2917 328 2963 se
340 2899 460 2964 habent
474 2901 506 2965 in
517 2901 695 2982 fragmento
711 2900 873 2981 Pragensi.
890 2937 932 2944 —
948 2900 1069 2975 Quodsi
1084 2919 1160 2964 vero
1173 2900 1272 2964 codex
1285 2901 1387 2964 Vene-

157 2993 229 3064 tus,
253 2991 291 3047 ut
311 2983 525 3065 fragmentum
539 2986 718 3067 Pragense,
740 3004 816 3066 pars
839 2990 888 3050 est
903 2985 1021 3049 codicis
1038 2984 1267 3064 Forojuliensis
1283 2984 1387 3064 (prius

157 3069 407 3152 Aquileiensis):
423 3071 477 3136 ille
492 3091 516 3135 s.
533 3072 633 3135 Marci
648 3071 870 3151 autographon
884 3069 995 3134 haberi
1011 3089 1073 3133 non
1088 3073 1212 3151 potest,
1229 3069 1386 3149 siquidem

158 3157 225 3220 tale
242 3155 343 3220 codex
358 3155 585 3236 Forojuhfflsis
601 3160 635 3222 et
648 3156 862 3237 fragmentum
876 3155 1040 3237 Pragense
1063 3155 1186 3220 censeri
1208 3158 1386 3235 nequeunt3

159 3241 254 3322 atqui
269 3240 349 3304 haec
364 3259 388 3304 ι.
406 3242 507 3306 Marci
521 3243 743 3323 autographon
757 3241 869 3306 haberi
884 3261 946 3305 nou
960 3245 1105 3321 possunt,

249 3327 285 3407 α)
312 3327 388 3406 quia
413 3346 505 3392 secus
532 3328 737 3392 statuendum
761 3326 859 3407 foret,
886 3327 1029 3390 Marcum
1055 3346 1118 3391 non
1142 3329 1268 3390 tantum
1295 3343 1388 3388 suum

161 3412 265 3493 ipsius
289 3412 486 3492 evangelium
509 3412 607 3477 latine
630 3431 793 3492 exarasse,
821 3412 996 3477 sedetiam
1019 3413 1143 3492 reliqua
1168 3409 1331 3490 evangelia
1356 3409 1387 3472 in

55 3559 57 3568 ,
160 3497 298 3562 latinum
324 3497 475 3577 vertisse,
502 3502 561 3562 aut
575 3503 713 3579 quatuor
739 3497 903 3578 evangelia
929 3497 969 3560 ah
991 3497 1062 3560 aliis
1084 3498 1116 3561 in
1138 3497 1279 3576 linguam
1303 3495 1388 3558 Latii

162 3601 257 3648 versa
272 3582 403 3664 propria
425 3602 521 3647 manu
543 3584 760 3664 descripsisse.
804 3583 865 3646 Ast
879 3582 1017 3662 primum
1034 3581 1227 3646 contrarium
1243 3583 1293 3644 est
1307 3579 1388 3643 indi-

162 3673 251 3732 recto
275 3666 414 3731 omnium
434 3669 637 3749 antiquorum
659 3668 840 3734 testimonio
868 3671 901 3732 et
925 3686 1013 3731 mera
1034 3666 1164 3730 Baronii
1190 3667 1388 3746 conJectura;

162 3754 301 3817 alterum
331 3755 365 3816 et
392 3755 523 3817 tertium
551 3755 675 3817 tamdiu
704 3753 831 3817 admitti
859 3752 986 3832 nequit,
1020 3752 1173 3832 quamdiu
1201 3771 1263 3816 non
1292 3750 1391 3815 fucrit

163 3839 434 3918 demonstratum,
465 3858 488 3902 ι.
514 3840 624 3904 Marco
653 3858 714 3904 non
743 3839 891 3919 graviora
919 3837 1048 3918 negotia
1072 3836 1171 3901 fuisse
1196 3836 1388 3917 peragenda,

164 3942 261 4003 quam
275 3923 331 3987 illa
346 3925 485 3988 verseris
500 3929 558 3988 aut
571 3924 709 4002 librarii;

251 4010 286 4093 β)
309 4007 386 4089 quia
409 4011 508 4074 codex
529 4008 756 4090 Forojuliensis
777 4008 907 4088 breves,
934 4012 967 4072 et
990 4008 1119 4090 quidem
1141 4006 1279 4087 aprima
1293 4023 1389 4069 manu

165 4094 303 4174 scriptas
319 4095 468 4174 continet,
485 4114 568 4175 quae
583 4101 688 4159 tamen
705 4094 807 4158 serius
823 4094 951 4157 demum
966 4093 1168 4157 introductae
1184 4096 1274 4170 sunt;

252 4181 285 4264 y)
313 4180 463 4261 quoniam
488 4185 595 4245 textus
620 4180 738 4244 latinus
763 4179 882 4244 codicis
907 4178 1136 4258 Forojuliensis
1162 4182 1195 4242 et
1218 4176 1389 4257 fragmenti

241 4415 465 4481 ¹Ferdinandus,
482 4416 609 4470 Austrrae
621 4415 688 4481 dux
705 4429 775 4470 anno
790 4416 862 4470 1564.
876 4414 993 4470 cod1cem
1004 4410 1192 4467 huncasena
1181 4417 1211 4465 tu
1224 4409 1314 4478 enixe,
1331 4413 1389 4465 fru-

169 4490 228 4536 stra
241 4489 328 4538 tamen
344 4485 429 4552 petiit.
453 4485 510 4538 Hoc
528 4484 613 4538 solum
631 4491 749 4550 constat,
767 4485 885 4537 codicem
897 4487 969 4538 hunc
980 4484 1141 4536 instructum
1154 4496 1213 4536 esse
1225 4480 1332 4546 laminis
1344 4497 1387 4534 ar-

168 4551 284 4674 {Jffiiest’
276 4564 411 4621 ,quarum
429 4553 539 4607 altera
531 4554 634 4620 insigne
651 4553 769 4606 familiae
781 4552 814 4605 de
826 4551 854 4605 la
865 4552 963 4618 Turre,
982 4551 1068 4604 altera
1081 4549 1179 4603 civitat
1160 4557 1195 4602 ιιι
1208 4541 1390 4617 Aquileiensis

1151 4704 1186 4756 2*
