3356 5176
796 287 1049 352 --54...

309 458 425 524 tertius
437 465 470 523 et
485 463 619 541 quartus
635 477 693 525 seu
706 458 746 543 11,
761 458 799 544 γ,
815 458 842 526 δ’
857 459 889 522 in
904 458 1007 524 tribus
1020 456 1173 524 columnis
1183 456 1290 535 trium,
1306 455 1445 538 quintus,
1461 474 1527 520 sex·

308 549 371 624 tua,
387 545 556 624 septimus,
571 550 703 610 octavus
719 549 751 609 et
766 563 866 610 nonus
881 545 1017 609 duorum
1032 549 1170 622 tantum,
1191 547 1223 606 et
1237 541 1375 622 denique
1390 541 1528 608 decimus

310 630 570 711 quatripartituS,
593 648 676 711 quae
697 629 830 712 singulis
851 628 1118 712 evangelistarum
1138 637 1213 693 sunt
1226 627 1366 708 propria.
1409 628 1442 693 Si
1457 647 1485 691 v.
1500 647 1528 710 g.

310 715 381 796 quis
393 716 474 780 scire
487 716 691 781 desiderabat
702 716 788 782 locos
799 715 969 796 parallelos
980 721 1037 780 aut
1049 713 1167 779 similes
1178 713 1349 779 verborum
1361 713 1529 777 Matthaei:

309 800 364 866 καὶ
378 800 579 885 βαπτισθεὶς
594 799 611 866 ὁ
624 798 744 890 Ἰησοῦς
758 827 783 866 κ.
798 827 825 866 r.
841 803 877 880 t,
895 819 977 882 quae
992 801 1079 882 apud
1092 799 1294 864 Ammonium
1310 807 1342 864 et
1356 798 1531 864 Eusebium

310 890 384 950 sunt
397 885 522 950 initium
537 887 650 967 capitis
666 889 699 954 ιδ
712 887 746 950 in
760 886 923 967 evangelio
939 886 1109 965 Matthaei,
1134 889 1166 949 et
1182 885 1274 965 juxta
1296 889 1437 948 nostram
1453 884 1531 948 divi-

310 971 430 1036 sionem
449 972 626 1052 Mt.3,16.,
648 971 731 1036 ratio
753 971 900 1036 habenda
923 977 973 1036 est
997 970 1110 1036 literae
1129 969 1188 1034 sub
1209 970 1323 1052 capitis
1344 988 1476 1034 numero
1500 970 1531 1033 ιι1

309 1056 443 1138 positae,
460 1075 542 1137 quae
558 1061 607 1122 est
619 1083 639 1123 α
656 1062 688 1121 et
702 1057 831 1137 indicat,
847 1057 986 1138 priorem
1000 1075 1166 1121 numerum
1182 1057 1215 1122 ιδ
1230 1055 1446 1137 quaerendum
1462 1073 1531 1119 esse

309 1141 341 1206 in
360 1142 464 1221 prima
483 1141 607 1222 tabula,
631 1147 663 1206 et
684 1143 813 1222 quidem
832 1143 864 1206 in
879 1143 982 1223 prima
1002 1142 1147 1207 columna
1166 1141 1225 1205 sub
1248 1159 1326 1205 voce
1339 1146 1532 1217 Ματθαῖος.

309 1226 397 1293 Haec
416 1231 526 1292 autem
544 1226 656 1291 tabula
675 1246 773 1308 penes
793 1246 959 1292 numerum
979 1228 1012 1293 ιδ
1032 1227 1065 1291 in
1084 1227 1186 1292 altera
1209 1227 1354 1291 columna
1377 1224 1435 1289 sub
1456 1243 1532 1290 voce

310 1311 447 1397 Μάρκος
466 1313 593 1378 exhibet
613 1319 710 1393 caput
724 1338 754 1394 s,
781 1314 814 1377 in
835 1313 932 1379 tertia
947 1319 1043 1393 caput
1064 1336 1095 1397 ιγ
1115 1312 1235 1390 Lucae,
1262 1317 1294 1377 et
1315 1312 1348 1376 in
1367 1316 1485 1391 quarta
1504 1335 1531 1376 ιε

309 1398 330 1462 J
332 1397 451 1463 oannis.
488 1397 562 1478 lpse
577 1397 737 1463 Eusebius
751 1397 783 1462 in
799 1418 847 1480 ep.
863 1399 905 1463 ad
921 1398 1113 1479 Carpianum
1129 1399 1169 1463 de
1185 1396 1343 1478 capitibus
1359 1396 1435 1476 suis,
1451 1413 1533 1476 quae

309 1502 382 1547 mox
405 1484 581 1572 κεφάλαια,
607 1502 679 1548 mox
699 1484 883 1571 περικοπὰς
903 1484 993 1563 dicit,
1021 1489 1053 1548 et
1078 1484 1119 1549 de
1145 1501 1300 1548 canonum
1325 1481 1534 1563 dispositione

310 1587 483 1648 eorumque
498 1586 559 1632 usu
574 1568 712 1633 disserit.

397 1653 446 1718 Ob
461 1672 554 1718 usum
566 1654 765 1718 commodum
776 1672 814 1718 ac
828 1653 1027 1734 frequentem
1039 1653 1144 1734 capita
1155 1652 1361 1718 Ammoniaco
1375 1653 1407 1716 in
1421 1651 1534 1733 pleris-

310 1758 372 1821 que
387 1738 549 1804 codicibus
563 1739 666 1804 hteris
682 1739 898 1804 numeralibus
912 1759 977 1804 una
992 1758 1063 1805 cum
1084 1740 1224 1805 numeris
1246 1756 1400 1803 canonum
1414 1738 1534 1804 indica-

309 1827 440 1904 bantur,
467 1825 553 1905 quod
579 1824 765 1905 capitulatio
792 1825 972 1904 dicebatur,
1000 1832 1032 1890 et
1058 1843 1193 1890 canones
1215 1823 1347 1888 Eusebii
1372 1823 1535 1902 codicibus

308 1910 484 1993 praepositi
498 1909 714 1990 inveniuntur,
737 1911 910 1975 autetiam
932 1911 993 1976 loci
1012 1910 1159 1993 paralleh
1177 1911 1210 1974 in
1231 1909 1374 1990 margine
1393 1907 1535 1974 inferiori

309 1996 449 2062 numeris
465 1996 531 2060 suis
548 1995 695 2061 citantur.
740 1996 846 2060 Etiam
863 2014 886 2060 s.
902 1996 1115 2078 Hieronymus
1130 1997 1162 2060 in
1178 1995 1414 2075 evangeliorum
1430 2013 1534 2058 emen·

309 2083 437 2146 datione
455 2081 556 2146 latina
575 2085 644 2144 tum
665 2081 939 2162 capitulationem,
961 2087 1030 2146 tum
1051 2100 1186 2146 canones
1207 2080 1339 2145 Eusebii
1358 2079 1534 2145 adhibuit.¹

309 2167 449 2231 Transiit
463 2167 543 2231 haec
557 2166 690 2230 Eusebii
700 2167 873 2246 dispositio
890 2167 987 2232 etiam
1001 2169 1034 2232 in
1050 2167 1205 2232 editiones
1219 2166 1357 2245 Erasmi,
1373 2166 1407 2229 in
1422 2166 1534 2231 editio·

309 2272 381 2319 nem
396 2250 607 2333 polyglottam
621 2252 854 2316 Londinensem
870 2253 949 2317 etin
964 2251 1052 2318 alias.

372 2366 375 2372 ·
395 2336 427 2417 b)
447 2337 582 2402 Praeter
595 2336 755 2422 κεφάλαια
769 2337 976 2402 Ammoniace
993 2338 1026 2401 in
1039 2337 1202 2419 plerisque
1216 2336 1356 2402 omnium
1370 2336 1535 2418 regionum

308 2422 471 2490 codicibus
490 2422 613 2503 maj0ra
632 2422 836 2489 inveniuntur
851 2422 970 2504 capita,
997 2421 1100 2490 τίτλοι
1123 2441 1180 2487 seu
1199 2422 1313 2487 breves
1334 2422 1434 2501 dicta,
1461 2421 1535 2503 quia

307 2509 414 2574 brevis
424 2509 595 2588 pericopae
606 2527 730 2574 summa
741 2514 812 2573 erat
823 2508 979 2590 adposita.
1003 2509 1169 2590 Ejusmodi
1177 2508 1477 2589 capitaMatthaeus
1486 2507 1535 2588 68,

310 2595 439 2658 Marcus
449 2594 501 2673 49,
517 2594 621 2658 Lucas
633 2596 683 2673 83,
699 2594 720 2657 J
722 2612 839 2658 oannes
856 2594 896 2657 18
913 2595 1061 2674 continet,
1078 2600 1236 2659 eteorum
1252 2593 1448 2675 consignatio
1464 2595 1535 2658 bre

308 2680 444 2744 viarium
459 2678 634 2744 dicebatur.
682 2676 794 2745 Τίτλοι
815 2679 849 2743 in
864 2679 1026 2744 codicibus
1040 2698 1265 2759 nonnunquam
1280 2679 1320 2743 ab
1336 2679 1426 2743 initio
1443 2698 1536 2743 cano-

307 2764 402 2830 nibus
416 2764 549 2829 Eusebii
564 2763 739 2847 praepositi
755 2770 842 2844 sunt,
864 2784 923 2846 per
938 2766 1108 2830 decursum
1130 2765 1366 2846 evangeliorum
1380 2769 1490 2830 autem
1504 2765 1536 2829 in

308 2851 378 2916 loco
394 2849 599 2915 conveniente
614 2849 754 2914 numeris
771 2850 836 2914 suis
852 2849 884 2914 in
900 2851 1042 2933 margine
1057 2850 1183 2917 laterah
1197 2850 1386 2930 indicantur,
1403 2855 1436 2915 et
1451 2868 1536 2915 sum·

306 2955 379 3001 mae
401 2954 458 3000 sou
481 2935 566 2998 tituli
588 2936 620 3000 in
642 2936 786 3017 margine
808 2937 974 3018 superiore
997 2941 1200 3018 repetuntur,
1226 2936 1259 3000 in
1281 2935 1352 3000 aliis
1373 2935 1535 3002 codicibus

307 3021 401 3086 litera
413 3021 448 3085 T.
459 3020 654 3101 indicantur;
669 3022 702 3086 in
713 3019 785 3085 aliis
797 3022 934 3102 denique
946 3023 1124 3104 designatio
1138 3025 1204 3087 τῶν
1217 3018 1334 3086 ricton
1348 3021 1381 3085 in
1394 3021 1535 3102 margine

308 3107 438 3187 quidem
453 3107 554 3186 deest,
570 3112 713 3172 attamen
728 3125 852 3171 summa
868 3125 979 3172 eorum
993 3109 1035 3172 ad
1049 3107 1144 3172 finem
1160 3106 1300 3188 cujusvis
1314 3105 1388 3171 libri
1403 3106 1534 3172 adnota-

307 3198 369 3256 tur.
384 3228 427 3236 -
441 3191 542 3256 Aetas
556 3196 621 3257 τῶν
635 3190 752 3257 vicina
767 3197 800 3255 et
814 3196 926 3256 auctor
941 3198 1090 3258 accurate
1105 3191 1312 3258 determinari
1326 3192 1450 3273 nequit;
1468 3211 1534 3258 sae-

309 3278 379 3342 culo
395 3277 449 3341 lV.
467 3275 633 3356 Caesario,
655 3276 748 3340 fratri
764 3295 788 3340 s.
805 3276 952 3358 Gregorii
967 3277 1174 3359 Nazianzeni,
1190 3279 1329 3343 nondum
1344 3283 1420 3343 nota
1437 3283 1534 3359 erant,

306 3363 367 3428 nisi
388 3363 549 3453 κεφάλαια
563 3361 785 3440 Ammoniace,
809 3380 898 3427 nam:
925 3364 1122 3444 „Habemus
1145 3365 1265 3447 inquit,
1288 3377 1423 3447 quatuor
1445 3387 1532 3427 coao-

302 3448 403 3533 qela‘a,
428 3471 507 3531 quae
521 3446 607 3510 atille
614 3496 624 3528 ,
648 3460 767 3510 centum
783 3460 809 3509 et
825 3451 992 3533 seoeoqo'ata
1008 3449 1067 3512 duo
1091 3451 1246 3512 concalcant
1260 3449 1428 3532 αιιριίιι,“2
1452 3450 1536 3531 quod

308 3533 503 3598 sectionibus
512 3532 718 3599 ammoniacis
727 3537 877 3597 accurate
889 3536 1069 3615 respondet.
1084 3534 1193 3600 Verba
1203 3534 1282 3599 haec
1292 3534 1434 3600 Caesarii
1446 3554 1535 3615 repe-

307 3619 348 3682 tit
363 3637 387 3682 s.
403 3617 601 3699 Epiphanius
621 3619 653 3683 in
668 3618 829 3683 Ancorato
845 3637 912 3685 suo.
952 3620 1064 3701 Neque
1080 3639 1103 3684 s.
1122 3620 1347 3700 Chrysostomo
1363 3621 1430 3685 noti
1446 3627 1536 3686 erant

307 3700 419 3783 victor,
435 3704 511 3782 quia
525 3704 672 3769 homiHas
689 3722 764 3768 suas
779 3705 811 3768 in
824 3706 1025 3770 Matthaeum
1039 3711 1073 3770 et
1084 3706 1105 3770 J
1106 3725 1239 3771 oannem
1255 3724 1351 3787 saepe
1365 3703 1445 3786 finit,
1462 3707 1536 3788 quin

308 3788 465 3852 rationem
479 3787 605 3853 illorum
619 3790 746 3855 habeat.
774 3819 776 3826 .
791 3791 852 3855 Ast
866 3792 988 3872 majora
1007 3791 1087 3856 haec
1107 3791 1213 3872 capita
1229 3791 1296 3873 jam
1319 3797 1491 3856 occurrunt
1506 3793 1535 3856 in

309 3873 418 3938 codice
432 3872 645 3940 Alexandrino
661 3874 742 3956 (1.),
760 3875 814 3955 qui
830 3876 957 3942 saeculo
973 3877 1009 3940 V.
1026 3876 1192 3956 tribuitur,
1214 3881 1246 3942 et
1260 3877 1334 3942 inda
1349 3896 1369 3941 a
1384 3895 1466 3942 saec.
1483 3878 1535 3942 IX.

307 3959 340 4024 in
355 3957 520 4040 plerisque
535 3960 760 4041 manuscriptis
775 3961 940 4026 inveniunt
981 4013 986 4025 .
1167 3960 1170 3968 ’

375 4234 383 4263 ¹
402 4229 429 4283 S.
439 4229 595 4298 Hieronym.
609 4228 643 4281 ad
655 4229 763 4284 Damas.
777 4230 826 4284 ait:
840 4231 978 4296 „Canones
991 4247 1102 4300 quoque,
1115 4247 1180 4299 quos
1192 4232 1326 4286 Eusebius
1339 4232 1534 4296 Caesareensis‚

306 4298 475 4352 Ammonium
493 4297 707 4351 Alexandrinum
727 4305 848 4364 secutus,
870 4299 1008 4353 indecem
1027 4315 1151 4354 numeros
1169 4300 1313 4364 ordinavit,
1335 4301 1374 4354 uti
1391 4300 1419 4353 in
1440 4316 1535 4369 graeco
1570 4327 1573 4331 ·

308 4366 456 4430 habentur,
479 4365 674 4487 expressimus,
699 4367 793 4434 quodsi
811 4368 870 4436 quis
887 4367 1017 4422 curiosius
1035 4368 1151 4422 'voluerit
1162 4384 1253 4432 nosse,
1274 4385 1342 4437 quae
1353 4369 1381 4422 in
1392 4369 1535 4436 evangeliis

312 4434 354 4488 vel
367 4434 471 4498 eadem,
483 4449 514 4488 ve
536 4435 626 4488 vicina
639 4435 682 4487 vel
695 4432 752 4488 sola
764 4443 834 4500 sunt,
846 4451 937 4489 eorum
950 4436 1118 4490 distinctione
1130 4442 1296 4506 cognoscet.“

385 4507 395 4537 ²
417 4505 573 4571 Τέσσαραὴ
599 4511 626 4558 io
640 4502 756 4574 ὑπάρχει
772 4505 915 4573 εὐαγγέλια
927 4509 1085 4574 κεφαλαίων
1093 4512 1194 4574 χιλίων
1213 4503 1311 4561 ἑκατόν
1328 4505 1458 4572 ἑξήκοντα
1477 4503 1535 4559 δύο.

315 4570 372 4625 Cfr.
386 4569 510 4624 Galland.
522 4571 567 4628 bib
578 4571 642 4624 ioth.
655 4579 761 4640 patrum
774 4578 836 4626 tom.
849 4571 894 4624 VI.
919 4572 1025 4626 Caesar.
1039 4573 1134 4642 dialog.
1147 4576 1167 4627 1.
1181 4589 1299 4641 respons.
1312 4574 1352 4627 39.
