3364 5156
793 345 860 355 -
906 308 967 372 196
1010 344 1077 352 —-

325 502 362 547 ex
372 483 513 546 Actuum
524 479 614 544 initio
626 487 809 561 comparato
825 498 897 546 oum
913 479 1068 561 evangelii
1082 479 1153 544 fine.
1177 478 1452 556 Quemadmodum
1463 477 1536 545 enim

324 568 421 632 dictio
437 565 595 648 inprimis
611 565 766 647 evangelii
781 565 940 647 capitibus
956 565 996 630 ob
1011 564 1116 631 fontes
1130 563 1293 630 adhibitos
1313 564 1491 645 hebraizat,
1509 565 1537 628 in

324 653 455 733 reliquis
470 659 577 717 autem
593 652 771 734 generatim
786 657 836 717 est
850 651 978 732 purior:
999 652 1046 716 its
1061 653 1146 716 idem
1160 650 1194 714 in
1215 651 1350 716 Actibus
1364 651 1446 732 App.
1460 651 1538 715 inve

238 749 246 758 ’
323 739 418 803 nitur.
462 738 635 803 Praeterea
653 739 724 803 Act.
747 738 780 818 l,
804 739 832 802 1.
847 740 877 801 2.
893 742 1006 802 auctor
1028 737 1122 817 dicit,
1149 755 1185 802 se
1204 736 1343 817 primum
1369 754 1538 802 sermonem

323 823 437 890 fecisse
451 823 511 905 „de
525 824 681 905 orionibus,
699 847 779 908 quae
793 825 894 908 coepit
907 823 1121 908 Jeeaefacere
1136 835 1165 885 et
1179 821 1281 886 dicere
1296 846 1392 907 aeque
1407 823 1440 884 c'n
1456 821 1538 904 dieru,

324 933 387 994 qao
402 923 558 972 meantes
573 909 651 991 end‘,
674 910 761 990 quod
776 908 835 974 soli
851 909 996 974 convenit
1011 909 1107 974 tertio
1128 906 1306 990 evangelio,
1328 909 1418 989 cujus
1437 908 1539 988 itaque
1659 971 1660 988 ,

324 995 519 1060 continuatio
535 1012 592 1060 seu
607 994 710 1060 altera
724 1013 800 1075 pars
815 994 1042 1075 Apostolorum
1058 1001 1150 1060 actus
1165 993 1415 1060 considerantur.

410 1081 502 1157 Quod
517 1085 626 1144 autem
642 1099 660 1145 e
676 1080 813 1145 criteriis
827 1080 960 1145 internis
976 1080 1151 1162 colligitur,
1174 1080 1217 1144 ad
1231 1079 1456 1144 certitudinem
1475 1097 1539 1144 eve·

322 1165 410 1230 hitur
424 1185 483 1248 per
498 1171 696 1230 constantem
712 1165 866 1232 ecclesiae
880 1165 1102 1246 traditionem,
1123 1184 1188 1246 qua
1202 1164 1283 1230 liber
1296 1165 1348 1229 hic
1369 1183 1495 1245 semper
1513 1173 1540 1228 et

321 1252 440 1332 ubique
451 1253 558 1316 Lucae
569 1251 821 1332 adscribebatur,
837 1256 870 1316 et
880 1251 913 1316 in
927 1251 1086 1318 Cononem
1098 1251 1219 1316 relatus
1232 1269 1302 1315 cum
1314 1250 1447 1331 reliquis
1459 1249 1541 1314 libris

322 1337 437 1402 divinis
451 1336 578 1418 publice
592 1337 848 1419 praelegebatur.
893 1337 1006 1403 Testes
1021 1337 1260 1419 antiquissimos
1274 1337 1440 1402 nominare
1460 1333 1541 1401 suffr·

323 1423 367 1487 cit
385 1421 611 1486 Tertullianum
617 1428 649 1503 ,1
666 1421 856 1490 ‚Clementem
869 1422 999 1507 meast
1018 1448 1043 1487 s.
1059 1426 1222 1487 Irenaeum
1231 1427 1261 1506 ‚³
1277 1445 1424 1486 canonem
1441 1423 1541 1484 Mara-

323 1509 403 1589 tora'o',
422 1507 567 1594 Oripeazb
583 1521 610 1571 et
624 1507 763 1592 Eusebia,
779 1508 1016 1593 antiqaeber‘mae
1030 1509 1183 1574 oersabnee
1197 1507 1437 1572 ecclesiasticus.

407 1594 508 1658 Actus
522 1594 604 1674 App.
620 1593 732 1675 rejecti
746 1594 875 1675 quidem
891 1600 965 1659 sunt
976 1594 1215 1675 aMarcrboia's,
1231 1593 1439 1673 Manichaei,
1457 1593 1542 1654 Ebib-

323 1678 397 1740 oitr's
412 1692 440 1742 α
454 1677 639 1754 severianis,
655 1684 798 1745 attamen
812 1700 875 1745 non
890 1700 907 1746 e
923 1680 1028 1744 causis
1043 1679 1212 1760 historicis
1228 1678 1268 1744 ob
1281 1684 1389 1744 certae
1400 1678 1543 1743 traditio-

323 1764 372 1828 nis
387 1762 561 1844 defectum;
578 1766 637 1830 sed
650 1766 727 1847 quia
741 1765 822 1831 liber
836 1767 888 1831 hic
902 1765 1029 1847 placitis
1044 1785 1155 1830 eorum
1170 1763 1385 1846 peculiaribus
1396 1765 1543 1829 adrema-

321 1849 425 1914 batur.
471 1851 593 1928 Quodsi
617 1876 641 1914 s.
670 1851 904 1936 Chryeostomaa
922 1852 1005 1933 App.
1030 1864 1122 1917 actus
1148 1851 1208 1916 sua
1231 1855 1341 1915 aetate
1366 1850 1478 1915 mutis
1501 1850 1543 1913 in-

322 1937 465 2017 cognitos
481 1955 552 2002 esse
567 1937 803 2019 conqueritur,4
827 1937 888 2002 hoc
910 1937 1013 2002 solum
1034 1937 1151 2017 innuit,
1178 1955 1260 2017 opus
1280 1936 1341 2002 hoc
1365 1936 1543 2017 argumenti
1660 1977 1661 1984 .

320 2023 480 2102 gravitate
496 2028 528 2087 et
542 2022 683 2088 utilitate
698 2042 899 2105 summopere
915 2023 1199 2088 commendandum
1213 2042 1234 2087 a
1247 2020 1396 2087 fidelibus
1410 2042 1476 2087 non
1490 2040 1543 2102 pro
1660 2053 1661 2060 .

321 2109 435 2172 merito
450 2108 615 2173 aestimari
630 2128 668 2174 ac
683 2109 760 2191 legi,
786 2109 923 2191 ideoque
938 2109 1048 2174 multis
1068 2109 1120 2174 vix
1138 2115 1249 2174 notum
1272 2126 1357 2187 aase3
1383 2127 1460 2172 nam
1480 2108 1543 2189 ipse

320 2192 600 2360 {zmrtlesigfirlurctus
614 2196 697 2277 App.
711 2196 745 2260 in
760 2195 869 2261 multis
881 2194 1024 2262 ecclesiis
1033 2201 1108 2277 post
1119 2192 1237 2261 testum
1248 2193 1408 2276 paschalis
1418 2192 1543 2276 pubhce

873 2417 901 2499 s.
923 2403 994 2484 134.¹

650 2553 794 2615 Occasio,
806 2566 920 2616 scopus
932 2556 966 2607 et
975 2555 1082 2607 fontes
1095 2553 1211 2618 operia.

408 2705 436 2771 1.
463 2705 508 2770 Ut
519 2706 587 2787 jnm
605 2729 630 2769 s.
648 2704 882 2793 Cbryoostomao
902 2708 1099 2789 observavit,
1121 2707 1240 2788 omnia,
1262 2707 1378 2790 quibus
1393 2710 1502 2774 Lucas
1517 2710 1543 2789 1,

322 2791 413 2856 1-4.
436 2792 592 2857 rationem
614 2792 721 2858 reddit
735 2793 897 2875 evangelii
918 2813 938 2858 a
958 2814 993 2860 se
1016 2794 1142 2876 scripti,
1169 2794 1266 2860 etiam
1288 2794 1329 2859 de
1349 2795 1454 2860 altero
1478 2795 1543 2877 ejus

320 2897 416 2958 opere
431 2878 545 2944 valent.
580 2878 855 2956 Quemadmodum
870 2879 964 2944 multi
978 2880 1025 2945 rei
1040 2881 1200 2962 gravitate
1215 2885 1248 2944 et
1262 2880 1403 2945 utilitate
1417 2881 1500 2945 moti
1513 2881 1543 2945 in
1661 2907 1662 2920 ¹

319 2964 462 3029 ordinem
476 2964 623 3046 redigere
638 2965 744 3031 conati
760 2971 834 3030 sunt
848 2966 1064 3030 narrationem
1079 2985 1186 3031 rerum
1200 2985 1221 3030 a
1236 2963 1363 3031 Christo
1378 2975 1543 3048 gestarum
1661 2989 1662 3048 ς

320 3055 352 3113 et
368 3050 633 3131 certissimarum,
656 3051 739 3115 sicut
753 3051 972 3131 tradiderunt,
999 3051 1054 3132 qui
1074 3051 1115 3116 ab
1135 3052 1226 3116 initio
1249 3057 1350 3117 testes
1370 3052 1492 3117 oculati
1513 3059 1543 3117 et
1661 3083 1662 3100 .

319 3135 455 3200 ministri
469 3134 559 3200 verbi
573 3135 650 3200 facti
666 3141 756 3201 sunt:
775 3137 822 3201 ita
838 3143 925 3202 certe
940 3156 1002 3201 non
1017 3138 1164 3217 deerant,
1184 3137 1240 3218 qui
1255 3157 1335 3218 opus
1351 3137 1475 3203 Christi
1488 3157 1543 3219 per
1661 3137 1662 3144 ’

317 3220 491 3301 Apostolos
512 3221 732 3286 continuatum
749 3223 842 3304 juna
862 3223 1062 3288 narrationes
1082 3223 1214 3288 testium
1233 3222 1335 3288 literis
1356 3225 1542 3306 consignare
1661 3269 1662 3286 .

318 3307 494 3372 studerent.
518 3306 611 3382 Quod
623 3306 810 3372 confirmant
821 3309 923 3372 multa
933 3308 1028 3390 hujus
1040 3308 1166 3390 generis
1178 3326 1276 3390 opera
1287 3309 1389 3374 serius
1401 3316 1540 3387 exarata,

317 3412 345 3456 v.
357 3412 386 3474 g.
397 3390 530 3476 pernbde'
536 3392 636 3475 Petri,
647 3393 846 3477 praedicatio
856 3393 954 3475 Petri,
961 3393 1098 3478 periodi,
1111 3407 1184 3456 acta
1193 3393 1295 3455 Paula·
1304 3407 1331 3457 et
1343 3394 1478 3458 Theclae
1489 3408 1539 3458 ete.

317 3476 483 3558 Ejusmodi
499 3477 619 3559 scripte
634 3478 816 3560 antiquiora
830 3498 889 3560 pro
905 3479 1093 3545 diversitate
1104 3478 1239 3544 fontium
1246 3479 1314 3559 jam
1324 3479 1465 3560 maj0ris,
1477 3481 1541 3562 jam

318 3563 448 3627 minoris
462 3562 562 3628 fuisse
577 3562 732 3645 ambitus
756 3569 789 3629 et
804 3565 947 3630 ordinem
963 3565 1219 3646 chronologicum
1234 3584 1296 3629 non
1311 3571 1463 3630 accurate
1478 3583 1541 3630 ser·

317 3666 423 3728 rasse,
447 3649 494 3713 rei
508 3655 625 3714 natura
639 3650 742 3715 docet.
778 3651 828 3716 De
843 3651 893 3715 his
908 3669 1036 3733 quoque
1052 3649 1274 3716 certitudinem
1292 3650 1421 3731 assequi
1437 3652 1541 3732 cujus-

318 3751 442 3814 cunque
469 3732 641 3800 Christiani
667 3735 810 3800 cnltioris
836 3756 898 3802 non
923 3742 1052 3817 poterat
1081 3754 1143 3800 non
1172 3735 1344 3816 plurimum
1372 3736 1541 3812 interesse

317 3819 435 3882 etenim
455 3819 489 3900 α)
512 3821 641 3900 modus,
664 3840 727 3902 quo
749 3822 861 3904 religio
877 3822 997 3887 Christi
1011 3841 1073 3886 non
1089 3820 1292 3886 obstantibus
1307 3821 1541 3902 impedimentis

316 3903 450 3968 internis
466 3908 498 3968 et
514 3905 651 3970 externis
666 3907 863 3988 gravissimis
879 3927 937 3988 per
951 3907 1124 3988 Apostolos
1137 3906 1223 3972 inter
1234 3907 1255 3971 J
1257 3908 1376 3972 udaeos
1391 3912 1425 3971 et
1439 3905 1540 3970 ethni·

317 4008 371 4054 cos
393 3995 573 4071 propagata
595 3997 699 4056 estet
721 3991 924 4073 confirmata,
952 3992 1046 4058 simul
1067 3996 1137 4058 erat
1159 3993 1385 4058 documentum
1410 3992 1540 4074 originis

202 4085 206 4093 ·
317 4076 386 4157 ejus
401 4076 529 4141 divinae
543 4081 577 4141 et
591 4076 737 4143 veritatis
748 4078 938 4160 infallibilis,
953 4097 1054 4160 quare
1064 4096 1148 4160 quae
1159 4079 1191 4144 in
1202 4097 1265 4145 uno
1277 4078 1346 4144 loco
1359 4083 1540 4156 evenerunt,

384 4266 392 4295 ¹
410 4261 451 4315 De
460 4261 545 4330 jejun.
559 4277 581 4315 c.
596 4262 645 4328 10,
659 4260 693 4314 de
705 4264 863 4332 praescript.
875 4263 978 4317 haeret.
992 4279 1015 4317 c.
1027 4264 1070 4317 22.

383 4331 394 4364 ⁹
411 4330 570 4384 Adumbrat.
583 4329 611 4382 in
622 4330 644 4383 l.
656 4329 729 4384 Petr.
742 4345 784 4400 ep.

383 4402 394 4432 ³
411 4398 479 4452 Adv.
492 4399 595 4452 haeres.
608 4396 655 4451 VI.
668 4399 709 4451 14,

382 4467 508 4520 ⁴Homil.
522 4466 781 4536 I.inprincip.Act.
805 4473 928 4530 Πολλοῖς
945 4468 1016 4539 γοῦν
1034 4467 1065 4523 τὸ
1083 4476 1192 4538 βίβὶιον
1208 4471 1294 4525 τοῦτο
1312 4468 1377 4524 οὐδὲ
1394 4465 1482 4541 γνώρι
1508 4465 1539 4522 όν

315 4536 390 4600 ἐστι,
411 4541 527 4598 πολλοῖς
539 4538 571 4590 δὲ
588 4539 692 4590 δοκοῦν
711 4539 799 4608 σαφὲς
815 4539 901 4601 εἶναι,
924 4535 1010 4594 πάλιν
1028 4540 1181 4610 παρορᾶται
1200 4544 1368 4610 καὶγίνεται
1387 4546 1445 4599 τοῖς
1456 4492 1538 4610 peni]

313 4605 425 4674 γνῶσις,
440 4613 498 4666 τοῖς
510 4606 541 4661 δὲ
552 4603 569 4674 ἡ
582 4603 682 4674 ἄγνοια
695 4609 835 4683 ῥαθυμίας
847 4603 994 4666 ὑπόθεσις.
