3364 5156
799 229 1083 294 „134-

327 403 497 484 Eusebius,
513 421 537 468 s.
552 404 683 486 Gregor.
696 403 788 484 Nyss.
803 407 835 467 et
850 420 874 466 s.
886 400 1068 482 Hieronym.
1080 403 1309 478 contestantur,
1324 397 1437 464 Victor
1447 401 1555 463 autem

327 491 473 556 Antioch.
490 489 549 554 sub
565 489 659 554 finem
675 507 756 554 saec.
772 487 826 553 IV.
843 507 913 552 eam
927 487 961 552 in
981 485 1140 552 accuratis
1161 483 1369 568 apographis
1395 485 1428 550 in
1449 483 1555 564 specie

327 579 360 642 in
375 575 669 641 Palaestinensibus
688 573 823 640 inveniri
837 572 1012 652 affirmat31
1033 591 1057 637 s.
1074 571 1225 636 irenaeus
1240 574 1311 637 adv,
1326 570 1413 636 haer.
1429 571 1487 634 III.
1505 570 1554 634 11.

328 663 433 728 locum
448 662 507 726 Mr.
525 661 574 741 16,
591 661 650 740 19.,
665 659 860 742 Hippolytus
876 660 916 726 de
932 659 1101 740 chrysmat.
1116 657 1175 722 Mr.
1193 659 1243 739 16,
1261 659 1308 724 18.
1325 656 1434 722 citant.
1464 656 1555 722 Idem

329 747 367 812 fit
380 749 413 812 in
429 746 710 812 constitutionibus
724 747 836 827 Apost.

415 834 444 897 3.
467 831 562 897 Ratio
576 832 748 914 pericopae
762 831 858 912 hayus
872 830 905 894 in
919 829 1066 911 pluribus
1077 833 1185 894 textus
1196 830 1408 895 monumentis
1419 829 1555 894 omissae

331 918 555 1000 proculdubio
571 917 634 982 sita
650 921 721 983 erat
735 918 767 981 in
782 915 855 980 festi
866 915 1026 996 paschalis
1037 913 1280 982 celebratione.2
1303 916 1323 980 J
1326 915 1465 996 ejunium
1478 935 1555 996 qua-

330 1002 558 1086 dragesimale,
585 1005 671 1084 quod
687 1002 808 1067 ultimis
829 1001 942 1065 diebus
965 1001 1165 1066 severissime
1188 1000 1434 1080 observabatur,
1460 1000 1554 1066 finem

325 1089 439 1154 habuit
452 1089 486 1153 in
500 1088 609 1170 vigilia
623 1087 697 1154 festi
714 1086 882 1171 paschalis,
899 1090 932 1151 et
943 1087 1072 1168 quidem
1083 1084 1123 1152 ab
1137 1105 1174 1151 eo
1186 1096 1355 1168 momento,
1372 1107 1436 1168 quo
1448 1107 1553 1154 resur-

328 1175 429 1241 rectio
447 1173 566 1240 Christi
582 1193 601 1239 a
615 1174 734 1256 populo
749 1175 782 1239 in
798 1172 931 1238 ecclesia
951 1172 1181 1238 celebrabatur.
1225 1175 1299 1239 Jam
1321 1194 1397 1239 vero
1421 1174 1553 1242 ecclesia

325 1261 435 1340 latina,
451 1260 559 1325 innixa
572 1260 679 1326 verbis
694 1260 754 1324 Mr.
772 1260 821 1338 16,
837 1259 884 1322 9.:
907 1254 1049 1338 ἀναστάς
1070 1259 1107 1325 δὲ
1130 1258 1220 1345 πρωῖ
1241 1259 1355 1348 πρεότγγ
1378 1261 1553 1346 σαββάτων

326 1348 362 1428 λ,
380 1345 625 1411 resurrectionis
654 1345 772 1410 Christi
799 1343 1045 1409 celebrationem
1069 1343 1238 1409 differebat
1263 1364 1366 1426 usque
1392 1349 1434 1411 ad
1463 1348 1551 1430 galli·

326 1431 444 1497 oinium
467 1431 630 1510 ultimum,
652 1429 866 1495 Alexandrina
881 1433 989 1494 autem
1005 1430 1139 1495 ecelesia
1153 1432 1354 1510 provocando
1371 1434 1412 1497 ad
1428 1434 1486 1497 Mt.
1502 1436 1551 1514 28,

327 1518 370 1581 1.:
394 1515 460 1600 lips
476 1517 513 1583 δὲ
528 1516 710 1602 σαββάτων,
727 1519 764 1605 τῇ
780 1514 1018 1605 ἐπιφωσκούσῃ
1034 1513 1081 1594 εἰς
1095 1513 1174 1600 μίαν
1189 1517 1378 1600 σαββάτων,
1396 1520 1550 1600 jejunium

327 1620 399 1667 cum
413 1602 545 1684 liturgia
560 1620 651 1666 sacra
667 1601 776 1666 statim
790 1605 865 1680 post
881 1600 1019 1664 mediam
1040 1605 1166 1666 noctem
1188 1603 1413 1668 terminabat.³
1450 1605 1549 1671 Inter-

326 1689 466 1769 pretatio
480 1689 592 1769 itaque
607 1686 734 1752 illorum
749 1686 890 1752 locorum
905 1690 1031 1751 mature
1044 1687 1194 1768 praebuit
1213 1691 1451 1755 controversiae
1463 1710 1548 1756 oeca-

326 1774 484 1855 sionem,⁴
507 1779 539 1839 et
559 1773 614 1854 qui
634 1773 746 1854 praxin
767 1790 859 1836 suam
880 1790 951 1836 cum
965 1771 1071 1838 verbis
1087 1773 1188 1838 Marci
1203 1795 1265 1840 non
1281 1776 1442 1840 conciliari
1457 1797 1548 1857 posse

327 1861 517 1941 credebant,
540 1865 641 1924 totam
657 1859 840 1940 pericopam
855 1857 957 1938 primo
972 1858 1005 1922 in
1020 1860 1289 1940 praelectionibus
1303 1861 1455 1943 publicio,
1480 1865 1547 1928 dein

324 1965 399 2011 vero
417 1947 514 2012 etiam
527 1944 664 2010 inlibris
680 1942 904 2010 ecclesiasticis
920 1944 1119 2025 omisemnt,¹
1137 1964 1200 2026 quo
1215 1945 1299 2012 iacto
1321 1947 1451 2013 omissio
1473 1949 1546 2014 haec

326 2032 359 2096 in
375 2032 455 2098 alios
471 2032 569 2098 etiam
584 2031 710 2096 codices
724 2029 861 2094 transiit.

409 2117 438 2182 4.
469 2118 563 2194 Quod
585 2116 715 2181 criteria
732 2115 858 2180 interna
879 2114 1009 2196 attinet,
1034 2116 1114 2181 haec
1133 2117 1264 2183 minoris
1290 2124 1364 2184 sunt
1389 2122 1544 2186 momenti.
1576 2145 1577 2148 ¹

324 2203 396 2267 Non
413 2203 495 2268 enim
511 2206 574 2280 est,
597 2203 683 2282 quod
698 2201 857 2266 brevitate
873 2204 905 2265 et
920 2203 1223 2282 repraesentationis
1238 2204 1401 2270 viridioris
1423 2205 1543 2270 defectu

325 2287 537 2368 offendamur,
564 2287 722 2367 siquidem
742 2286 821 2351 talia
843 2286 940 2372 etiam
961 2287 994 2351 in
1013 2288 1136 2368 reliquo
1158 2290 1321 2370 evangelio
1336 2291 1542 2370 inveniuntur,

324 2392 353 2437 v.
368 2393 398 2456 g.
414 2393 439 2439 c.
457 2375 485 2438 1.
501 2375 542 2438 de
556 2373 679 2438 Joanne
693 2372 730 2436 B.
754 2379 786 2436 et
806 2372 847 2436 de
862 2372 883 2436 J
885 2391 942 2436 esu
962 2373 1139 2438 tentatione
1157 2374 1189 2438 in
1210 2376 1353 2456 desert03
1379 2382 1542 2456 praeterea

324 2454 417 2538 ἅπαξ
427 2458 581 2544 λεγόμενα
591 2458 624 2522 in
636 2457 782 2523 omnibus
790 2456 828 2521 N.
838 2457 873 2522 T.
884 2456 975 2522 libris
987 2465 1165 2539 occurrunt,
1181 2461 1258 2525 etin
1272 2463 1424 2544 pericopa
1438 2470 1541 2528 nostra

324 2562 493 2610 occurrere
508 2544 639 2624 debent,
666 2543 742 2624 quia
757 2561 860 2608 sermo
876 2549 926 2609 est
940 2544 981 2610 de
996 2545 1106 2626 rebus,
1132 2565 1216 2628 quae
1229 2546 1309 2612 alias
1329 2568 1391 2613 non
1412 2567 1541 2613 commc-

324 2635 505 2712 morantur,
515 2650 518 2656 ·
530 2635 568 2694 ut
581 2649 609 2694 v.
627 2629 677 2692 17.
693 2634 727 2694 et
742 2629 791 2693 18.
807 2631 1083 2718 παρακολουθεῖν,
1106 2632 1268 2716 γλώσσαις
1290 2634 1396 2700 λαλεῖν
1415 2643 1540 2715 καιναῖς,

324 2713 419 2806 όφεις
441 2712 557 2803 αῖρειν,
579 2715 763 2798 θανάσιμον
782 2709 894 2780 πίνειν.
931 2715 958 2778 Ε
979 2726 1057 2783 voce
1079 2717 1193 2806 πρώτη
1213 2738 1241 2783 v.
1257 2720 1286 2784 9.
1307 2719 1377 2785 loco
1397 2719 1460 2802 μία
1476 2742 1502 2786 v.
1516 2724 1540 2785 2.

324 2801 430 2883 posita
444 2800 478 2865 id
493 2800 596 2866 solum
612 2800 772 2882 sequitur,
794 2800 903 2866 Marco
918 2802 1103 2867 hebraicam
1118 2808 1152 2869 et
1171 2823 1318 2886 graecam
1339 2804 1540 2871 hebdomadis

324 2888 392 2952 dies
418 2887 605 2952 numerandi
631 2886 788 2951 rationem
814 2886 913 2952 luisse
940 2888 1113 2969 cognitam3
1140 2908 1158 2955 e
1183 2890 1287 2956 Maria
1308 2891 1414 2973 Magd.
1436 2893 1458 2957 J
1460 2912 1538 2957 esum

323 2978 447 3054 septem
462 2973 629 3039 daemonia
645 2973 792 3054 eyecisse,
817 2992 846 3037 v.
862 2973 891 3037 9.
907 2975 1034 3039 demum
1050 2976 1236 3057 adnotatur,
1263 2979 1339 3058 quia
1358 2979 1410 3042 hic
1425 2979 1538 3042 Mariae

323 3060 429 3141 Magd.
445 3058 620 3140 peculiaria
636 3058 779 3123 evenisse
793 3064 978 3140 narrantur,
1001 3067 1034 3126 et
1048 3061 1127 3126 haec
1142 3063 1257 3128 notitia
1271 3084 1290 3128 a
1311 3064 1431 3129 seriore
1452 3083 1542 3142 manu

322 3145 434 3210 addita
449 3145 555 3210 verbis
571 3145 678 3209 Lucae
693 3144 722 3224 8,
738 3145 767 3209 3.
783 3149 934 3210 accurate
949 3152 1035 3213 esset
1050 3146 1254 3213 conformata.
1292 3150 1536 3214 Praedictionem

323 3229 402 3296 Jesu
422 3250 451 3295 v.
468 3230 496 3294 7.
512 3229 719 3310 adimpletam
734 3231 909 3310 ¹ostendere
929 3232 962 3296 in
982 3232 1128 3299 breviore
1148 3238 1357 3314 quarumdam
1372 3235 1535 3318 apparitio-

323 3335 399 3380 num
414 3315 629 3397 descriptione
649 3313 845 3395 supertluum
867 3322 953 3398 erat3
979 3319 1116 3400 denique
1137 3319 1223 3384 dieta
1244 3341 1273 3386 v.
1296 3322 1344 3388 18.
1364 3320 1535 3402 apocrypha

321 3401 440 3468 habere
454 3402 549 3483 plane
562 3400 770 3468 arbitrarium
785 3406 843 3468 est.

392 3658 401 3689 ¹
418 3654 510 3709 Victor
522 3656 585 3708 Ant.
599 3662 738 3710 comment.
752 3656 780 3710 in
791 3656 843 3710 Mr.
857 3657 898 3724 16,
912 3658 936 3711 9.
950 3674 1032 3728 sequ:
1045 3659 1127 3730 Παρὰ
1139 3665 1285 3724 πλείστοις
1297 3659 1478 3735 ἀντιγράφοις
1489 3658 1531 3713 οὐκ

324 3720 402 3806 ἦν’άὲ
415 3726 500 3776 ταῦτα
513 3722 546 3778 τὰ
564 3723 756 3798 ἐπιφερόμενα
774 3727 804 3782 ἐν
822 3729 861 3795 τῷ
880 3731 948 3780 κατὰ
960 3729 1081 3802 Μάρκον
1098 3729 1259 3802 εὐαγγελίῳ·
1278 3729 1314 3792 ὡς
1326 3729 1399 3786 νόθα
1411 3729 1459 3802 γάρ
1473 3747 1532 3786 τινες

322 3790 542 3877 ἐνορισανὶαύἱτὰ
554 3793 635 3847 εἶναι·
655 3793 735 3866 ἡμεῖς
753 3796 784 3848 δὲ
803 3797 833 3856 ἐξ
843 3794 963 3866 ἀκριβῶν
975 3795 1154 3884 ἀντιγράφων
1167 3797 1203 3859 ὠς
1214 3801 1245 3854 ἒν
1258 3804 1402 3864 πλείστοις
1418 3796 1531 3866 εὑρόντες

322 3881 392 3914 αντα
403 3880 471 3913 κατα
484 3879 516 3912 το
532 3865 748 3917 Παλαιστιναῑον
762 3862 923 3936 εὐαγγέλιον
936 3862 1065 3936 Μάρκου,
1086 3889 1122 3928 ως
1134 3865 1217 3938 ἔχειὴ
1231 3865 1352 3936 ἀλήθεια,
1367 3869 1530 3923 συντελεῖτα-

321 3949 384 4002 μεν.
407 3928 482 3982 Idem
494 3927 602 3981 edicunt
614 3930 715 3984 scholia
727 3931 843 4000 antiqua.
1174 3951 1178 3958 ·

391 4000 402 4031 ²
420 3995 474 4051 Cir.
487 3995 587 4050 Euseb.
601 4013 625 4065 q.
638 3999 671 4052 11.
685 3999 719 4052 ad
730 4000 874 4055 Marinum.

391 4069 401 4100 ³
418 4064 473 4146 dir.
488 4064 622 4133 chrysost.
636 4066 706 4120 hom.
719 4069 760 4122 88.
774 4087 799 4122 n.
813 4070 836 4123 1.
849 4069 935 4124 ith.
948 4102 980 4110 -
992 4070 1101 4141 Dionys.
1114 4073 1158 4128 Al.
1171 4073 1248 4144 epist.
1263 4089 1321 4130 can.
1334 4076 1369 4130 ad
1380 4071 1482 4128 Basilid.
1494 4083 1528 4134 cp.

321 4134 451 4188 Hardum.
464 4133 574 4188 collect.
587 4135 679 4189 concil.
692 4136 726 4190 11.
739 4154 765 4206 p.
779 4139 837 4192 185.

383 4207 402 4245 ,r
418 4203 484 4258 Eua.
497 4201 532 4257 ad
543 4201 640 4256 Marin.
653 4220 677 4272 q.
692 4205 727 4258 11.
739 4212 767 4260 ot
779 4223 799 4262 s.
812 4207 966 4278 Hieronym.
979 4209 1013 4262 ad
1024 4208 1119 4263 Hedib.
1132 4227 1156 4279 q.
1168 4197 1218 4264 111.
