3314 5166
708 307 993 372 -117—

230 478 344 561 (satyr.
361 496 386 544 c.
406 477 485 559 17.):
506 477 657 577 „Utique
671 477 785 558 inquit,
800 490 909 542 cnara
921 479 1005 564 νερίο
1019 489 1084 540 tara
1096 477 1331 562 praestantibus
1344 477 1465 564 neptae

230 577 276 628 est
295 563 494 643 numinibus,
519 576 554 627 ut
575 563 712 646 facilius
735 563 838 648 posn's
864 561 966 642 denum
994 585 1090 646 quarn
1114 563 1268 628 nomiman
1292 563 1465 629 inueneref‘

231 647 344 714 Strabo
360 647 499 729 denique
512 647 566 713 lib.
584 649 632 712 10.
648 648 710 712 ait:
733 646 840 716 ncnc
854 651 920 714 τῶν
935 646 1065 728 ξενικῶν
1080 643 1174 734 ἱερῶν
1189 648 1420 734 παρεδέξαντο.

317 736 349 818 e)
375 735 464 811 Quae
478 734 549 798 Act.
569 733 616 813 19,
631 734 682 798 23.
699 751 787 814 seqq.
805 732 842 796 de
855 733 1004 817 Ephesiis
1019 733 1119 798 cultui
1133 734 1258 799 Dianae
1273 733 1406 816 deditis,
1431 739 1465 806 et

228 841 257 885 v.
273 821 322 884 19.
338 820 380 884 de
393 819 484 884 libris
499 818 633 900 magicis
646 818 713 900 igni
728 819 769 884 ab
786 818 832 883 eis
847 817 976 883 traditis
991 817 1155 900 leguntur,
1177 838 1311 899 prorsus
1334 837 1464 886 eoncor-

227 907 309 970 dant
325 924 397 970 cum
411 904 621 970 relationibus
637 903 819 968 Pausaniae
834 902 879 985 (7,
893 903 948 985 2.),
963 903 1071 967 Plinii
1081 903 1125 985 (5,
1141 903 1217 985 37),
1234 904 1326 968 Liuii
1336 896 1383 985 (l,
1396 905 1463 987 45.)

226 992 272 1056 de
286 990 408 1072 templo
422 989 547 1055 Dianae
562 989 739 1070 Ephesius,
763 993 796 1055 et
816 1007 888 1054 cum
909 989 1139 1054 consuetudine
1158 989 1377 1072 antiquorum,
1399 989 1464 1056 ior-

224 1075 335 1140 mulas
350 1075 491 1157 magicas
507 1074 627 1164 ἒφὲσια
641 1073 816 1161 γράμματα
832 1074 988 1140 dicendi.¹

317 1160 347 1242 f)
373 1160 549 1224 Corinthios
570 1164 710 1240 utraque
728 1160 771 1224 ad
793 1178 848 1226 eos
872 1158 1009 1240 epistola
1023 1177 1047 1224 s.
1063 1158 1157 1224 Pauli
1176 1159 1328 1240 supponit
1343 1158 1384 1224 de
1399 1159 1464 1224 elo·

223 1246 382 1328 quentiae
397 1264 435 1310 ac
449 1245 670 1326 philosophiae
685 1245 865 1326 cognitione
881 1244 1115 1326 superbientes,
1139 1244 1307 1325 opulentos
1323 1247 1356 1310 et
1370 1250 1464 1325 petu-

222 1332 349 1411 lantes,
376 1349 499 1412 suaque
521 1329 653 1395 lascivia
674 1330 754 1396 alios
779 1331 874 1412 longe
895 1334 1093 1410 superantes.
1139 1329 1305 1395 Consentit
1320 1348 1392 1395 cum
1413 1329 1464 1395 his

224 1416 352 1498 Cicero,
368 1417 423 1496 qui
435 1415 528 1496 (orat.
540 1435 599 1496 pro
610 1415 682 1496 lege
693 1416 815 1497 Manil.)
830 1414 1012 1480 Corinthiun
1025 1413 1181 1479 Graeciae
1192 1415 1294 1478 larnai
1308 1413 1466 1497 appellat;

221 1500 345 1566 Strabo
360 1503 402 1565 de
416 1500 535 1583 templo
551 1501 685 1566 Veneris
700 1501 876 1581 disserere,
900 1504 933 1566 et
952 1500 1022 1581 ipse
1041 1519 1120 1566 usus
1135 1499 1222 1565 vocis
1236 1499 1461 1598 κορινθιάζειν,

219 1607 319 1738 §geg
329 1586 378 1755 )ab
398 1586 558 1667 Hesychio
578 1605 638 1667 per
657 1584 795 1673 ἐναίρειν
816 1585 993 1667 explicatur
1015 1584 1067 1667 (ci.
1091 1586 1188 1650 etiam
1207 1584 1347 1650 Plimum
1361 1585 1413 1665 34,
1433 1585 1463 1649 3.
1512 1645 1514 1648 .

274 1724 282 1753 ,
322 1722 352 1737 ..
1433 1729 1436 1733 .

318 1757 353 1840 g)
375 1759 414 1823 In
429 1755 565 1838 epistola
580 1758 623 1822 ad
638 1757 746 1821 Titum
763 1757 791 1836 1,
809 1756 857 1821 12.
873 1773 898 1822 s.
913 1754 1034 1820 Paulus
1049 1755 1236 1836 adpetitam
1253 1753 1464 1820 domesticum

219 1842 502 1924 (Epimenidcmte
517 1860 695 1922 provocans
710 1841 803 1906 dicit:
824 1838 1005 1920 „Crenases
1025 1863 1147 1923 semper
1160 1839 1337 1919 monacos,
1359 1839 1465 1902 nolae

218 1929 360 2009 bestiae,
382 1941 501 1992 comens
516 1927 639 2014 pe‘prif‘
681 1927 825 1991 Primum
838 1925 1060 2006 praedicatum
1076 1922 1264 2005 exprimitur
1278 1922 1376 1988 verbo
1391 1947 1464 2012 κρη-

217 2009 343 2096 τίζειν,
354 2013 439 2078 olim
451 2013 518 2094 jam
532 2011 564 2077 in
580 2010 812 2094 significatione
826 2011 988 2090 „nemini
1011 2009 1096 2073 dolos
1110 2007 1252 2072 noctae‘
1266 2008 1419 2088 usitatos
1431 2011 1465 2072 et

217 2099 263 2162 in
286 2097 479 2162 Callimachi
502 2097 633 2178 effat034
657 2097 795 2163 alterum
814 2095 1028 2160 Plutarchus⁵
1054 2093 1224 2160 Cretenses
1247 2093 1356 2158 dicens
1381 2093 1470 2158 κακὰ

216 2182 353 2335 ‚gaza
381 2183 513 2312 teptium
537 2183 571 2248 in
599 2182 732 2264 antiquo
760 2181 842 2246 latet
870 2179 1056 2262 proverbio:
1088 2177 1125 2246 Ὁ
1155 2181 1245 2267 Kaira
1273 2174 1381 2263 ἀγνόει
1408 2177 1465 2264 τὴν

258 2297 280 2336 α
323 2291 412 2336 O'O'al’.

318 2355 352 2420 si
367 2359 476 2419 autem
491 2354 537 2419 ael
548 2353 693 2439 somnias
708 2351 907 2418 attendamus
916 2372 1092 2436 personas:

317 2442 351 2524 a)
373 2440 514 2504 Herodes
527 2439 572 2504 M.
588 2439 645 2504 Mt.
663 2458 688 2504 c.
704 2440 733 2503 2.
753 2437 891 2502 mamma
909 2435 1107 2518 suspiciosus
1127 2433 1261 2513 sistitur,
1281 2432 1416 2498 callidus
1432 2433 1465 2497 et

221 2526 385 2607 crudelis,
406 2527 493 2607 quod
515 2530 547 2591 et
561 2524 583 2589 J
585 2525 723 2606 osephus
739 2524 785 2589 Fl.
802 2526 957 2602 testatur,
979 2522 1064 2586 inter
1082 2521 1250 2584 innumera
1265 2516 1465 2582 crudelitatis

227 2612 379 2677 facinora
394 2611 525 2677 caedem
539 2610 743 2688 Mariamnes,
768 2607 876 2674 uxoris
891 2607 1028 2672 dilectae
1043 2605 1083 2672 ob
1098 2603 1296 2670 infidelitatis
1311 2601 1466 2683 suspicio·

222 2717 307 2766 nem
317 2702 478 2777 narrans,⁷
494 2701 527 2762 et
537 2695 676 2760 filiorum
688 2715 705 2760 e
717 2694 895 2759 Mariamne
905 2692 1095 2773 genitorum,
1110 2689 1284 2755 Alexandri
1296 2692 1329 2754 ct
1339 2687 1466 2752 Arista-

219 2784 333 2865 buli,8
352 2801 412 2849 nec
426 2800 489 2847 non
504 2782 646 2863 quinque
661 2785 736 2845 ante
754 2783 891 2844 mortem
907 2776 1021 2842 diebus
1035 2775 1220 2856 Antipatri⁹
1235 2773 1406 2854 supplicia,
1432 2776 1466 2836 et

220 2869 382 2949 referens,
398 2873 567 2948 tyrannum
578 2867 664 2930 vitae
674 2864 770 2929 finem
785 2863 847 2928 sibi
861 2861 1027 2926 imminere
1037 2859 1308 2941 praesentientem
1322 2857 1465 2921 illustres

221 2956 332 3022 totius
353 2953 458 3035 gentis
481 2953 566 3017 viros
591 2951 625 3016 in
645 2967 806 3016 carcerem
827 2947 940 3028 conjici
961 2945 1098 3028 jussisse
1121 2947 1196 3025 post
1221 2942 1345 3007 obitum
1370 2959 1477 3006 suum

219 3087 438 3104 ff-——n—

303 3162 311 3190 ¹
329 3155 383 3209 Cir.
397 3153 602 3208 commentarios
614 3152 642 3204 in
654 3151 672 3205 1.
686 3167 708 3204 c.

300 3227 311 3258 ²
327 3222 513 3292 Epimenides,
535 3237 604 3276 saec.
617 3219 663 3274 Vl.
677 3223 739 3272 ante
751 3218 799 3273 Ch.
818 3217 846 3270 in
862 3216 952 3270 insula
964 3215 1045 3269 Creta
1062 3218 1154 3278 natus,
1176 3215 1255 3280 poeta
1272 3215 1342 3274 erat,
1363 3207 1463 3262 virium

221 3293 381 3348 divinarum
396 3291 544 3360 particeps,
566 3288 697 3357 propheta
714 3292 741 3340 et
757 3286 914 3340 thaumatur
951 3282 1098 3337 shabitus.
1135 3279 1190 3334 Cir.
1207 3279 1259 3334 Dio
1278 3294 1319 3333 en.
1337 3277 1428 3330 Laert.
1441 3276 1463 3329 1.

221 3365 252 3484 Ξ.
266 3362 339 3482 111οᾗ
359 3359 497 3480 ΙὶΙιιΙιέτοῙι.
511 3357 702 3422 Solon.c.12.;
724 3355 832 3409 Diodor.
846 3353 898 3408 Sic.
937 3350 1010 3419 ‚soc
1031 3349 1110 3404 Plato
1123 3349 1158 3403 de
1172 3348 1245 3416 legg.
1257 3296 1279 3400 i
1293 3347 1348 3413 11.;
1370 3344 1464 3399 Cinam

249 3445 264 3483 e
306 3446 358 3482 nn.
386 3469 392 3481 .
441 3468 447 3480 .
734 3458 737 3466 ·

300 3501 311 3532 ³
329 3495 437 3551 Suidas:
457 3492 530 3567 πρὸς
542 3495 638 3564 Κρῆτα
649 3496 796 3564 appetitor.

298 3569 309 3600 ⁴
325 3567 431 3637 Κρῆτες
441 3562 484 3618 o’ul
496 3562 629 3634 ψεῦσται·
648 3557 757 3632 καὶγὰρ
771 3558 871 3630 τάφον,
891 3553 984 3620 eiius,
1004 3562 1064 3610 σεῖο
1087 3553 1196 3627 Κρῆτες
1209 3547 1407 3616 decurionum·
1427 3545 1464 3602 σὺ

221 3632 294 3689 δὀὐ
306 3632 397 3695 θάνες,
412 3633 475 3688 ἐσσὶ
486 3629 538 3712 γὰρ
550 3633 612 3684 ulei.

299 3701 426 3754 ⁵Invita
437 3698 554 3753 Aemihi.

297 3768 434 3822 ⁶Erasmi
444 3768 541 3836 adagia
551 3783 578 3834 p.
590 3765 649 3819 586.
675 3762 730 3818 Cir.
744 3778 764 3816 s.
778 3761 931 3828 Hieronym.
945 3757 1018 3812 adh.
1032 3757 1049 3810 l.
1184 3822 1190 3834 .
1367 3821 1373 3832 ι
1443 3819 1449 3830 .

298 3841 307 3872 ⁷
324 3839 387 3891 Ant.
401 3837 442 3901 15,
455 3836 479 3901 7,
493 3837 578 3888 l—4.:
603 3833 660 3898 „De
679 3846 762 3884 uxore
776 3828 945 3896 (Mariamne)
960 3826 1092 3894 judicium
1108 3823 1218 3888 habult,
1237 3825 1389 3876 convocans
1408 3833 1465 3873 suu

218 3904 452 3970 familiarissimis,
473 3909 501 3957 et
520 3901 690 3956 accusatione
710 3900 739 3952 in
755 3899 842 3977 ipsam
861 3910 957 3964 magno
976 3893 1064 3948 studio
1082 3892 1206 3946 instituta
1224 3890 1257 3944 de
1275 3888 1414 3958 amatoriis
1435 3891 1464 3941 et

244 3973 379 4028 harmacis
396 3973 421 4026 ei
438 3988 487 4040 per
503 3969 665 4025 calumniam
682 3967 801 4035 objectis.
824 3995 857 4004 -
877 3967 966 4032 Atque
983 3963 1022 4016 ita
1038 3960 1146 4031 quidem
1164 3959 1200 4014 ad
1216 3973 1310 4012 necem
1322 3956 1404 4011 ducta
1416 3959 1460 4008 est

275 4045 441 4173 nindldeti‘lt,
455 4108 496 4173 11,
509 4108 533 4160 6.
547 4107 581 4160 7.;
606 4103 779 4171 „Alexander
790 4116 852 4155 vero
870 4105 896 4154 et
907 4097 1080 4153 Aristobulus
1093 4097 1167 4151 ducti
1180 4095 1312 4150 Sebasten
1321 4093 1403 4161 jussu
1414 4104 1462 4157 pa·
1521 4125 1524 4130 -

219 4179 275 4233 tris
296 4179 334 4233 ibi
350 4176 564 4246 strangulantur,
586 4180 613 4227 et
631 4187 743 4251 corpora
764 4175 845 4224 noctu
861 4174 1003 4238 portantur
1021 4165 1235 4228 Alexandream,
1258 4161 1305 4215 ubi
1323 4159 1465 4214 sitierant

220 4253 364 4302 maternus
376 4244 525 4300 avunculus
538 4242 685 4363 9141111111
697 4257 731 4294 ex
745 4239 890 4307 majoribus
903 4252 1001 4291 eorum.
1026 4234 1082 4289 Cir.
1095 4235 1126 4287 B.
1137 4235 1161 4302 j.
1175 4235 1198 4298 1,
1211 4231 1254 4296 at,
1267 4230 1291 4282 6.

295 4319 306 4350 ⁰
322 4317 386 4368 Ant.
401 4314 441 4379 17,
454 4315 477 4377 7,
491 4312 526 4365 1.;
552 4353 567 4376 ,,
595 4326 639 4364 um
651 4308 780 4373 Herodes,
801 4306 846 4375 qui
855 4306 912 4374 jam
924 4310 986 4358 ante
999 4302 1077 4357 valde
1089 4301 1202 4356 affectus
1215 4302 1274 4376 erat
1285 4310 1352 4364 erga
1362 4291 1459 4358 filium,

218 4417 257 4426 —-
270 4400 333 4438 cum
345 4381 538 4437 exclamatione
551 4384 632 4446 caput
644 4377 702 4442 sibi,
719 4375 839 4445 quamvis
855 4375 884 4427 in
896 4372 1023 4427 extremis
1041 4377 1121 4436 esset,
1138 4370 1279 4438 percussit,
1300 4368 1462 4430 erectusque

216 4453 250 4506 in
263 4453 385 4506 cubitum
395 4451 518 4518 imperat,
536 4447 625 4500 missis
637 4445 796 4514 quibusdam
814 4441 984 4506 satellitibus,
1002 4446 1033 4494 ut
1045 4455 1059 4493 e
1071 4438 1191 4516 vestigio,
1210 4435 1267 4490 sine
1280 4432 1338 4485 ulla
1350 4435 1460 4484 cuncta-

216 4519 482 4644 τᾶἳὲοΒΑᾳῐίξνέἓωιῖι
497 4513 690 4580 interficerent,
712 4527 826 4580 eumque
842 4512 871 4564 in
888 4511 1031 4580 Hyrcanea
1046 4505 1157 4576 ignobih
1172 4504 1268 4558 funere
1286 4499 1459 4569 sepelirent.“

275 4629 282 4642 .
320 4628 325 4641 .
336 4605 358 4656 J.
389 4628 395 4652 ,
443 4628 449 4652 ,
480 4627 487 4640 .
