<?xml version="1.0" encoding="UTF-8"?>
<!DOCTYPE html PUBLIC "-//W3C//DTD XHTML 1.0 Transitional//EN"
    "http://www.w3.org/TR/xhtml1/DTD/xhtml1-transitional.dtd">
<html xmlns="http://www.w3.org/1999/xhtml" xml:lang="en" lang="en">
 <head>
  <title>
</title>
<meta http-equiv="Content-Type" content="text/html;charset=utf-8" />
  <meta name='ocr-system' content='tesseract 3.04.00' />
  <meta name='ocr-capabilities' content='ocr_page ocr_carea ocr_par ocr_line ocrx_word'/>
</head>
<body>
  <div class='ocr_page' id='page_1' title='image "./introductioinsa00gngoog_0090.png"; bbox 0 0 3356 5176; ppageno 0'>
   <div class='ocr_carea' id='block_1_1' title="bbox 595 330 859 394">
    <p class='ocr_par' dir='ltr' id='par_1_1' title="bbox 595 330 859 394">
     <span class='ocr_line' id='line_1_1' title="bbox 595 330 859 394; baseline -0.004 -19"><span class='ocrx_word' id='word_1_1' title='bbox 595 330 859 394; x_wconf 58' lang='lat'>„75-</span> 
     </span>
    </p>
   </div>
   <div class='ocr_carea' id='block_1_2' title="bbox 106 497 1342 1096">
    <p class='ocr_par' dir='ltr' id='par_1_2' title="bbox 132 497 1340 582">
     <span class='ocr_line' id='line_1_2' title="bbox 132 497 1340 582; baseline -0.008 -14"><span class='ocrx_word' id='word_1_2' title='bbox 132 503 394 570; x_wconf 88' lang='lat' dir='ltr'>resuscitationem</span> <span class='ocrx_word' id='word_1_3' title='bbox 409 522 428 566; x_wconf 91' lang='grc'>0</span> <span class='ocrx_word' id='word_1_4' title='bbox 443 502 577 566; x_wconf 82' lang='lat' dir='ltr'><strong>mortuis</strong></span> <span class='ocrx_word' id='word_1_5' title='bbox 593 505 821 582; x_wconf 90' lang='lat' dir='ltr'>repraesentat.</span> <span class='ocrx_word' id='word_1_6' title='bbox 865 500 916 563; x_wconf 90' lang='lat' dir='ltr'>Ad</span> <span class='ocrx_word' id='word_1_7' title='bbox 930 500 1016 563; x_wconf 89' lang='lat' dir='ltr'>latus</span> <span class='ocrx_word' id='word_1_8' title='bbox 1031 499 1051 563; x_wconf 88' lang='lat' dir='ltr'>J</span> <span class='ocrx_word' id='word_1_9' title='bbox 1054 517 1110 563; x_wconf 90' lang='lat' dir='ltr'>esu</span> <span class='ocrx_word' id='word_1_10' title='bbox 1132 497 1340 577; x_wconf 89' lang='lat' dir='ltr'>depictisnnt</span> 
     </span>
    </p>

    <p class='ocr_par' dir='ltr' id='par_1_3' title="bbox 132 582 1340 669">
     <span class='ocr_line' id='line_1_3' title="bbox 132 582 1340 669; baseline -0.007 -16"><span class='ocrx_word' id='word_1_11' title='bbox 132 591 186 654; x_wconf 92' lang='grc'>100</span> <span class='ocrx_word' id='word_1_12' title='bbox 200 589 272 667; x_wconf 87' lang='lat' dir='ltr'>viri,</span> <span class='ocrx_word' id='word_1_13' title='bbox 297 606 377 652; x_wconf 89' lang='lat' dir='ltr'>unus</span> <span class='ocrx_word' id='word_1_14' title='bbox 391 593 469 652; x_wconf 89' lang='lat' dir='ltr'>natu</span> <span class='ocrx_word' id='word_1_15' title='bbox 484 588 602 669; x_wconf 83' lang='lat' dir='ltr'>major,</span> <span class='ocrx_word' id='word_1_16' title='bbox 618 587 720 651; x_wconf 91' lang='lat' dir='ltr'>minor</span> <span class='ocrx_word' id='word_1_17' title='bbox 734 585 831 664; x_wconf 92' lang='lat' dir='ltr'>alter,</span> <span class='ocrx_word' id='word_1_18' title='bbox 846 604 991 666; x_wconf 87' lang='lat' dir='ltr'>purpura</span> <span class='ocrx_word' id='word_1_19' title='bbox 1006 589 1039 648; x_wconf 89' lang='grc'>01</span> <span class='ocrx_word' id='word_1_20' title='bbox 1052 602 1131 648; x_wconf 87' lang='lat' dir='ltr'>auro</span> <span class='ocrx_word' id='word_1_21' title='bbox 1146 582 1254 646; x_wconf 90' lang='lat' dir='ltr'>vestiti</span> <span class='ocrx_word' id='word_1_22' title='bbox 1269 600 1340 646; x_wconf 93' lang='lat' dir='ltr'>cum</span> 
     </span>
    </p>

    <p class='ocr_par' dir='ltr' id='par_1_4' title="bbox 131 666 1341 756">
     <span class='ocr_line' id='line_1_4' title="bbox 131 666 1341 756; baseline -0.009 -16"><span class='ocrx_word' id='word_1_23' title='bbox 131 676 363 756; x_wconf 89' lang='lat' dir='ltr'>epigrammate,</span> <span class='ocrx_word' id='word_1_24' title='bbox 386 692 404 738; x_wconf 94' lang='lat' dir='ltr'>e</span> <span class='ocrx_word' id='word_1_25' title='bbox 424 691 487 753; x_wconf 92' lang='lat' dir='ltr'>quo</span> <span class='ocrx_word' id='word_1_26' title='bbox 507 677 613 753; x_wconf 90' lang='lat' dir='ltr'>patet,</span> <span class='ocrx_word' id='word_1_27' title='bbox 636 673 774 736; x_wconf 83' lang='lat' dir='ltr'>Leonem</span> <span class='ocrx_word' id='word_1_28' title='bbox 790 672 973 753; x_wconf 83' lang='lat' dir='ltr'>Sapientem</span> <span class='ocrx_word' id='word_1_29' title='bbox 992 670 1125 751; x_wconf 90' lang='lat' dir='ltr'>ejusque</span> <span class='ocrx_word' id='word_1_30' title='bbox 1144 667 1243 732; x_wconf 87' lang='lat' dir='ltr'>lilium</span> <span class='ocrx_word' id='word_1_31' title='bbox 1259 666 1341 731; x_wconf 79' lang='lat' dir='ltr'>(lon-</span> 
     </span>
    </p>

    <p class='ocr_par' dir='ltr' id='par_1_5' title="bbox 131 751 1342 840">
     <span class='ocr_line' id='line_1_5' title="bbox 131 751 1342 840; baseline -0.007 -16"><span class='ocrx_word' id='word_1_32' title='bbox 131 761 292 824; x_wconf 89' lang='lat' dir='ltr'>stantinum</span> <span class='ocrx_word' id='word_1_33' title='bbox 318 759 631 840; x_wconf 89' lang='lat' dir='ltr'>Porphyrogenetem</span> <span class='ocrx_word' id='word_1_34' title='bbox 657 757 826 838; x_wconf 88' lang='lat' dir='ltr'>designari.</span> <span class='ocrx_word' id='word_1_35' title='bbox 870 755 1096 827; x_wconf 42' lang='lat' dir='ltr'>xProbabiliter</span> <span class='ocrx_word' id='word_1_36' title='bbox 1123 754 1233 834; x_wconf 88' lang='lat' dir='ltr'>itaque</span> <span class='ocrx_word' id='word_1_37' title='bbox 1261 751 1342 815; x_wconf 89' lang='lat' dir='ltr'>liber</span> 
     </span>
    </p>

    <p class='ocr_par' dir='ltr' id='par_1_6' title="bbox 129 836 1342 926">
     <span class='ocr_line' id='line_1_6' title="bbox 129 836 1342 926; baseline -0.007 -16"><span class='ocrx_word' id='word_1_38' title='bbox 129 847 294 926; x_wconf 80' lang='lat' dir='ltr'>imperante</span> <span class='ocrx_word' id='word_1_39' title='bbox 310 845 417 909; x_wconf 86' lang='lat' dir='ltr'>Leone</span> <span class='ocrx_word' id='word_1_40' title='bbox 435 842 587 908; x_wconf 89' lang='lat' dir='ltr'>adfinem</span> <span class='ocrx_word' id='word_1_41' title='bbox 606 861 687 908; x_wconf 91' lang='lat' dir='ltr'>saec.</span> <span class='ocrx_word' id='word_1_42' title='bbox 709 843 762 907; x_wconf 86' lang='lat' dir='ltr'>IX.</span> <span class='ocrx_word' id='word_1_43' title='bbox 781 847 838 907; x_wconf 94' lang='lat' dir='ltr'>aut</span> <span class='ocrx_word' id='word_1_44' title='bbox 857 842 948 906; x_wconf 92' lang='lat' dir='ltr'>initio</span> <span class='ocrx_word' id='word_1_45' title='bbox 968 840 1026 904; x_wconf 69' lang='grc' dir='ltr'>11Ῐῃί</span> <span class='ocrx_word' id='word_1_46' title='bbox 1040 841 1178 920; x_wconf 90' lang='lat' dir='ltr'>scriptus</span> <span class='ocrx_word' id='word_1_47' title='bbox 1196 845 1245 903; x_wconf 92' lang='lat' dir='ltr'>est</span> <span class='ocrx_word' id='word_1_48' title='bbox 1260 836 1342 902; x_wconf 82' lang='lat' dir='ltr'>Con·</span> 
     </span>
    </p>

    <p class='ocr_par' dir='ltr' id='par_1_7' title="bbox 106 923 1341 1096">
     <span class='ocr_line' id='line_1_7' title="bbox 130 923 1341 1011; baseline -0.007 -16"><span class='ocrx_word' id='word_1_49' title='bbox 130 929 325 1011; x_wconf 90' lang='lat' dir='ltr'>stantinopoli</span> <span class='ocrx_word' id='word_1_50' title='bbox 359 930 401 994; x_wconf 86' lang='lat' dir='ltr'>ad</span> <span class='ocrx_word' id='word_1_51' title='bbox 433 947 527 994; x_wconf 91' lang='lat' dir='ltr'>usum</span> <span class='ocrx_word' id='word_1_52' title='bbox 559 929 711 994; x_wconf 87' lang='lat' dir='ltr'>ecclesiae</span> <span class='ocrx_word' id='word_1_53' title='bbox 741 947 765 993; x_wconf 92' lang='lat' dir='ltr'>s.</span> <span class='ocrx_word' id='word_1_54' title='bbox 792 928 923 1006; x_wconf 79' lang='lat' dir='ltr'>Lazari,</span> <span class='ocrx_word' id='word_1_55' title='bbox 955 945 1051 1007; x_wconf 92' lang='lat' dir='ltr'>quam</span> <span class='ocrx_word' id='word_1_56' title='bbox 1079 927 1144 990; x_wconf 90' lang='lat' dir='ltr'>Leo</span> <span class='ocrx_word' id='word_1_57' title='bbox 1176 923 1341 989; x_wconf 84' lang='lat' dir='ltr'>exstruxit.</span> 
     </span>
     <span class='ocr_line' id='line_1_8' title="bbox 106 1012 1228 1096; baseline -0.005 -17"><span class='ocrx_word' id='word_1_58' title='bbox 106 1047 112 1068; x_wconf 62' lang='grc' dir='ltr'>ι</span> <span class='ocrx_word' id='word_1_59' title='bbox 130 1017 237 1080; x_wconf 84' lang='grc' dir='ltr'><strong>Το0100</strong></span> <span class='ocrx_word' id='word_1_60' title='bbox 254 1015 490 1096; x_wconf 87' lang='lat' dir='ltr'>evangeliorum</span> <span class='ocrx_word' id='word_1_61' title='bbox 505 1014 546 1080; x_wconf 90' lang='lat' dir='ltr'>ab</span> <span class='ocrx_word' id='word_1_62' title='bbox 561 1015 615 1080; x_wconf 95' lang='grc'><strong>1110</strong></span> <span class='ocrx_word' id='word_1_63' title='bbox 630 1014 826 1095; x_wconf 82' lang='lat' dir='ltr'>reliquorum</span> <span class='ocrx_word' id='word_1_64' title='bbox 840 1013 993 1078; x_wconf 89' lang='lat' dir='ltr'>librorum</span> <span class='ocrx_word' id='word_1_65' title='bbox 1009 1012 1154 1075; x_wconf 90' lang='lat' dir='ltr'>diversus</span> <span class='ocrx_word' id='word_1_66' title='bbox 1170 1014 1228 1074; x_wconf 91' lang='lat' dir='ltr'>est.</span> 
     </span>
    </p>
   </div>
   <div class='ocr_carea' id='block_1_3' title="bbox 128 1113 1345 1882">
    <p class='ocr_par' dir='ltr' id='par_1_8' title="bbox 128 1113 1342 1284">
     <span class='ocr_line' id='line_1_9' title="bbox 206 1113 1342 1199; baseline -0.006 -18"><span class='ocrx_word' id='word_1_67' title='bbox 206 1117 278 1181; x_wconf 80' lang='grc'><strong>101.</strong></span> <span class='ocrx_word' id='word_1_68' title='bbox 292 1121 324 1180; x_wconf 84' lang='grc'>2.</span> <span class='ocrx_word' id='word_1_69' title='bbox 341 1116 492 1199; x_wconf 76' lang='lat' dir='ltr'>(Schola),</span> <span class='ocrx_word' id='word_1_70' title='bbox 508 1117 701 1182; x_wconf 89' lang='lat' dir='ltr'>Basileensis</span> <span class='ocrx_word' id='word_1_71' title='bbox 715 1117 753 1180; x_wconf 90' lang='lat' dir='ltr'>B.</span> <span class='ocrx_word' id='word_1_72' title='bbox 765 1116 818 1180; x_wconf 90' lang='lat' dir='ltr'>Vl.</span> <span class='ocrx_word' id='word_1_73' title='bbox 831 1116 892 1196; x_wconf 79' lang='lat'>25,</span> <span class='ocrx_word' id='word_1_74' title='bbox 909 1121 958 1180; x_wconf 92' lang='lat' dir='ltr'>est</span> <span class='ocrx_word' id='word_1_75' title='bbox 972 1113 1232 1179; x_wconf 83' lang='lat' dir='ltr'>membranaceus</span> <span class='ocrx_word' id='word_1_76' title='bbox 1249 1130 1342 1175; x_wconf 85' lang='lat' dir='ltr'>evan-</span> 
     </span>
     <span class='ocr_line' id='line_1_10' title="bbox 128 1201 789 1284; baseline -0.003 -17"><span class='ocrx_word' id='word_1_77' title='bbox 128 1204 271 1284; x_wconf 87' lang='lat' dir='ltr'>gehomm</span> <span class='ocrx_word' id='word_1_78' title='bbox 286 1209 394 1268; x_wconf 87' lang='lat' dir='ltr'>textus</span> <span class='ocrx_word' id='word_1_79' title='bbox 411 1201 574 1268; x_wconf 80' lang='lat' dir='ltr'>Constant.</span> <span class='ocrx_word' id='word_1_80' title='bbox 592 1221 609 1267; x_wconf 93' lang='lat' dir='ltr'>e</span> <span class='ocrx_word' id='word_1_81' title='bbox 625 1221 706 1266; x_wconf 89' lang='lat' dir='ltr'>saec.</span> <span class='ocrx_word' id='word_1_82' title='bbox 722 1202 789 1266; x_wconf 87' lang='lat' dir='ltr'>XV.</span> 
     </span>
    </p>

    <p class='ocr_par' dir='ltr' id='par_1_9' title="bbox 130 1281 1343 1455">
     <span class='ocr_line' id='line_1_11' title="bbox 206 1281 1343 1369; baseline -0.006 -17"><span class='ocrx_word' id='word_1_83' title='bbox 206 1289 277 1352; x_wconf 74' lang='grc'><strong>0001.</strong></span> <span class='ocrx_word' id='word_1_84' title='bbox 293 1291 325 1352; x_wconf 80' lang='grc'>2.</span> <span class='ocrx_word' id='word_1_85' title='bbox 342 1288 417 1366; x_wconf 87' lang='lat' dir='ltr'>(act.</span> <span class='ocrx_word' id='word_1_86' title='bbox 434 1288 604 1353; x_wconf 92' lang='grc' dir='ltr'><strong>01Ρο0110.</strong></span> <span class='ocrx_word' id='word_1_87' title='bbox 620 1287 762 1369; x_wconf 78' lang='lat' dir='ltr'>Schola),</span> <span class='ocrx_word' id='word_1_88' title='bbox 786 1285 980 1352; x_wconf 90' lang='lat' dir='ltr'>Basileensis</span> <span class='ocrx_word' id='word_1_89' title='bbox 995 1286 1031 1348; x_wconf 89' lang='lat' dir='ltr'>B.</span> <span class='ocrx_word' id='word_1_90' title='bbox 1048 1285 1101 1348; x_wconf 88' lang='lat' dir='ltr'>IX.</span> <span class='ocrx_word' id='word_1_91' title='bbox 1116 1282 1289 1347; x_wconf 87' lang='lat' dir='ltr'>membran.</span> <span class='ocrx_word' id='word_1_92' title='bbox 1310 1281 1343 1346; x_wconf 92' lang='grc'>10</span> 
     </span>
     <span class='ocr_line' id='line_1_12' title="bbox 130 1374 593 1455; baseline 0 -17"><span class='ocrx_word' id='word_1_93' title='bbox 130 1376 184 1439; x_wconf 78' lang='grc'>800</span> <span class='ocrx_word' id='word_1_94' title='bbox 198 1374 338 1439; x_wconf 87' lang='lat' dir='ltr'>familiae</span> <span class='ocrx_word' id='word_1_95' title='bbox 354 1375 593 1455; x_wconf 82' lang='lat' dir='ltr'>Constantinop.</span> 
     </span>
    </p>

    <p class='ocr_par' dir='ltr' id='par_1_10' title="bbox 128 1454 1344 1696">
     <span class='ocr_line' id='line_1_13' title="bbox 205 1454 1343 1540; baseline -0.007 -17"><span class='ocrx_word' id='word_1_96' title='bbox 205 1459 276 1523; x_wconf 78' lang='grc'><strong>0001.</strong></span> <span class='ocrx_word' id='word_1_97' title='bbox 294 1463 324 1523; x_wconf 83' lang='grc'>7.</span> <span class='ocrx_word' id='word_1_98' title='bbox 341 1458 477 1540; x_wconf 88' lang='grc' dir='ltr'><strong>(Ρο0110.</strong></span> <span class='ocrx_word' id='word_1_99' title='bbox 494 1460 636 1540; x_wconf 77' lang='lat' dir='ltr'>Schola),</span> <span class='ocrx_word' id='word_1_100' title='bbox 659 1458 853 1523; x_wconf 89' lang='lat' dir='ltr'>Basileensis</span> <span class='ocrx_word' id='word_1_101' title='bbox 868 1458 904 1520; x_wconf 92' lang='lat' dir='ltr'>B.</span> <span class='ocrx_word' id='word_1_102' title='bbox 921 1457 985 1535; x_wconf 80' lang='lat' dir='ltr'>Vl,</span> <span class='ocrx_word' id='word_1_103' title='bbox 1003 1456 1042 1518; x_wconf 82' lang='grc'>17</span> <span class='ocrx_word' id='word_1_104' title='bbox 1046 1506 1066 1533; x_wconf 91' lang='lat'>.,</span> <span class='ocrx_word' id='word_1_105' title='bbox 1083 1454 1343 1518; x_wconf 90' lang='lat' dir='ltr'>membranaceus</span> 
     </span>
     <span class='ocr_line' id='line_1_14' title="bbox 128 1537 1344 1627; baseline -0.007 -17"><span class='ocrx_word' id='word_1_106' title='bbox 128 1547 154 1610; x_wconf 91' lang='lat' dir='ltr'>in</span> <span class='ocrx_word' id='word_1_107' title='bbox 167 1546 223 1610; x_wconf 88' lang='grc'>410</span> <span class='ocrx_word' id='word_1_108' title='bbox 235 1543 376 1610; x_wconf 82' lang='lat' dir='ltr'>familiae</span> <span class='ocrx_word' id='word_1_109' title='bbox 389 1544 506 1625; x_wconf 79' lang='lat' dir='ltr'>Consi,</span> <span class='ocrx_word' id='word_1_110' title='bbox 523 1545 674 1627; x_wconf 85' lang='lat' dir='ltr'>epistolas</span> <span class='ocrx_word' id='word_1_111' title='bbox 686 1544 837 1608; x_wconf 81' lang='lat' dir='ltr'>Paulines</span> <span class='ocrx_word' id='word_1_112' title='bbox 850 1543 990 1607; x_wconf 90' lang='lat' dir='ltr'>continet</span> <span class='ocrx_word' id='word_1_113' title='bbox 1003 1560 1074 1606; x_wconf 91' lang='lat' dir='ltr'>cum</span> <span class='ocrx_word' id='word_1_114' title='bbox 1085 1537 1344 1604; x_wconf 89' lang='lat' dir='ltr'>adnotationibus</span> 
     </span>
     <span class='ocr_line' id='line_1_15' title="bbox 131 1630 469 1696; baseline -0.006 0"><span class='ocrx_word' id='word_1_115' title='bbox 131 1630 304 1696; x_wconf 91' lang='lat' dir='ltr'>ePatribus</span> <span class='ocrx_word' id='word_1_116' title='bbox 321 1630 469 1696; x_wconf 90' lang='lat' dir='ltr'>collectis.</span> 
     </span>
    </p>

    <p class='ocr_par' dir='ltr' id='par_1_11' title="bbox 129 1707 1345 1882">
     <span class='ocr_line' id='line_1_16' title="bbox 204 1707 1345 1796; baseline -0.007 -17"><span class='ocrx_word' id='word_1_117' title='bbox 204 1715 323 1779; x_wconf 76' lang='grc'><strong>0014.</strong></span> <span class='ocrx_word' id='word_1_118' title='bbox 347 1715 483 1795; x_wconf 91' lang='lat' dir='ltr'>(Paulin.</span> <span class='ocrx_word' id='word_1_119' title='bbox 500 1721 533 1780; x_wconf 90' lang='grc'>01</span> <span class='ocrx_word' id='word_1_120' title='bbox 555 1721 615 1781; x_wconf 87' lang='lat' dir='ltr'>act.</span> <span class='ocrx_word' id='word_1_121' title='bbox 632 1714 772 1796; x_wconf 87' lang='lat' dir='ltr'>Scholz),</span> <span class='ocrx_word' id='word_1_122' title='bbox 795 1714 892 1778; x_wconf 86' lang='lat' dir='ltr'>Basil.</span> <span class='ocrx_word' id='word_1_123' title='bbox 908 1713 944 1776; x_wconf 88' lang='lat' dir='ltr'>B.</span> <span class='ocrx_word' id='word_1_124' title='bbox 960 1712 997 1775; x_wconf 88' lang='grc' dir='ltr'>Χ.</span> <span class='ocrx_word' id='word_1_125' title='bbox 1014 1712 1064 1774; x_wconf 76' lang='lat'>20.</span> <span class='ocrx_word' id='word_1_126' title='bbox 1085 1709 1257 1774; x_wconf 89' lang='lat' dir='ltr'>membran.</span> <span class='ocrx_word' id='word_1_127' title='bbox 1281 1707 1345 1772; x_wconf 90' lang='lat' dir='ltr'>ele-</span> 
     </span>
     <span class='ocr_line' id='line_1_17' title="bbox 129 1793 1344 1882; baseline -0.007 -18"><span class='ocrx_word' id='word_1_128' title='bbox 129 1820 194 1882; x_wconf 84' lang='lat' dir='ltr'>gans</span> <span class='ocrx_word' id='word_1_129' title='bbox 209 1802 240 1865; x_wconf 95' lang='grc'>10</span> <span class='ocrx_word' id='word_1_130' title='bbox 256 1802 323 1866; x_wconf 84' lang='lat' dir='ltr'>Svo</span> <span class='ocrx_word' id='word_1_131' title='bbox 340 1821 358 1867; x_wconf 92' lang='lat' dir='ltr'>e</span> <span class='ocrx_word' id='word_1_132' title='bbox 373 1820 455 1866; x_wconf 89' lang='lat' dir='ltr'>saec.</span> <span class='ocrx_word' id='word_1_133' title='bbox 467 1801 534 1867; x_wconf 89' lang='lat' dir='ltr'>XV.</span> <span class='ocrx_word' id='word_1_134' title='bbox 562 1803 681 1866; x_wconf 86' lang='lat' dir='ltr'>Textus</span> <span class='ocrx_word' id='word_1_135' title='bbox 695 1800 885 1882; x_wconf 91' lang='lat' dir='ltr'>plerumque</span> <span class='ocrx_word' id='word_1_136' title='bbox 900 1803 951 1863; x_wconf 93' lang='lat' dir='ltr'>est</span> <span class='ocrx_word' id='word_1_137' title='bbox 964 1796 1104 1862; x_wconf 84' lang='lat' dir='ltr'>familiae</span> <span class='ocrx_word' id='word_1_138' title='bbox 1121 1793 1344 1859; x_wconf 85' lang='lat' dir='ltr'>Constantino-</span> 
     </span>
    </p>
   </div>
   <div class='ocr_carea' id='block_1_4' title="bbox 128 1887 1343 2054">
    <p class='ocr_par' dir='ltr' id='par_1_12' title="bbox 128 1887 1343 2054">
     <span class='ocr_line' id='line_1_18' title="bbox 128 1887 1343 2054; baseline -0.008 -18"><span class='ocrx_word' id='word_1_139' title='bbox 128 1887 362 2054; x_wconf 41' lang='grc' dir='ltr'><strong>110ῂῖ111613..</strong></span> <span class='ocrx_word' id='word_1_140' title='bbox 378 1973 485 2054; x_wconf 88' lang='lat' dir='ltr'>regius</span> <span class='ocrx_word' id='word_1_141' title='bbox 497 1973 601 2037; x_wconf 84' lang='lat' dir='ltr'>&#39;Paris</span> <span class='ocrx_word' id='word_1_142' title='bbox 620 1973 682 2052; x_wconf 81' lang='lat'>14,</span> <span class='ocrx_word' id='word_1_143' title='bbox 708 1991 725 2036; x_wconf 88' lang='grc'><strong>0</strong></span> <span class='ocrx_word' id='word_1_144' title='bbox 741 1989 822 2036; x_wconf 89' lang='grc'><strong>0000.</strong></span> <span class='ocrx_word' id='word_1_145' title='bbox 840 1970 877 2033; x_wconf 86' lang='lat' dir='ltr'>X.</span> <span class='ocrx_word' id='word_1_146' title='bbox 893 1967 944 2034; x_wconf 81' lang='lat' dir='ltr'>rel</span> <span class='ocrx_word' id='word_1_147' title='bbox 959 1968 1013 2032; x_wconf 88' lang='lat' dir='ltr'>XI.</span> <span class='ocrx_word' id='word_1_148' title='bbox 1031 1965 1172 2032; x_wconf 90' lang='lat' dir='ltr'>continet</span> <span class='ocrx_word' id='word_1_149' title='bbox 1186 1970 1289 2030; x_wconf 93' lang='lat' dir='ltr'>totum</span> <span class='ocrx_word' id='word_1_150' title='bbox 1304 1963 1343 2026; x_wconf 91' lang='lat' dir='ltr'>N.</span> 
     </span>
    </p>
   </div>
   <div class='ocr_carea' id='block_1_5' title="bbox 130 2057 1367 2296">
    <p class='ocr_par' dir='ltr' id='par_1_13' title="bbox 130 2057 1367 2296">
     <span class='ocr_line' id='line_1_19' title="bbox 130 2057 1367 2140; baseline -0.008 -20"><span class='ocrx_word' id='word_1_151' title='bbox 130 2057 155 2122; x_wconf 86' lang='lat' dir='ltr'>T.</span> <span class='ocrx_word' id='word_1_152' title='bbox 169 2063 302 2140; x_wconf 87' lang='lat' dir='ltr'>excepta</span> <span class='ocrx_word' id='word_1_153' title='bbox 316 2057 508 2140; x_wconf 89' lang='lat' dir='ltr'>apocalypsi.</span> <span class='ocrx_word' id='word_1_154' title='bbox 1366 2107 1367 2110; x_wconf 74' lang='grc'>,</span> 
     </span>
     <span class='ocr_line' id='line_1_20' title="bbox 202 2135 1346 2225; baseline -0.009 -17"><span class='ocrx_word' id='word_1_155' title='bbox 202 2143 277 2208; x_wconf 79' lang='lat' dir='ltr'>Ood.</span> <span class='ocrx_word' id='word_1_156' title='bbox 293 2147 387 2225; x_wconf 63' lang='lat'>367„</span> <span class='ocrx_word' id='word_1_157' title='bbox 413 2144 603 2222; x_wconf 80' lang='lat' dir='ltr'>Vaticanus,</span> <span class='ocrx_word' id='word_1_158' title='bbox 630 2143 799 2222; x_wconf 90' lang='lat' dir='ltr'>Actorum,</span> <span class='ocrx_word' id='word_1_159' title='bbox 827 2140 1035 2225; x_wconf 89' lang='lat' dir='ltr'>epistolarum</span> <span class='ocrx_word' id='word_1_160' title='bbox 1058 2135 1286 2204; x_wconf 89' lang='lat' dir='ltr'>catholicarum</span> <span class='ocrx_word' id='word_1_161' title='bbox 1313 2137 1346 2199; x_wconf 93' lang='lat' dir='ltr'>et</span> 
     </span>
     <span class='ocr_line' id='line_1_21' title="bbox 132 2228 663 2296; baseline 0.006 -4"><span class='ocrx_word' id='word_1_162' title='bbox 132 2228 324 2296; x_wconf 89' lang='lat' dir='ltr'>Paulinarum</span> <span class='ocrx_word' id='word_1_163' title='bbox 338 2230 371 2296; x_wconf 93' lang='lat' dir='ltr'>in</span> <span class='ocrx_word' id='word_1_164' title='bbox 385 2231 445 2295; x_wconf 88' lang='grc'>410</span> <span class='ocrx_word' id='word_1_165' title='bbox 462 2249 479 2295; x_wconf 92' lang='grc'>0</span> <span class='ocrx_word' id='word_1_166' title='bbox 494 2247 576 2296; x_wconf 88' lang='grc'><strong>0000.</strong></span> <span class='ocrx_word' id='word_1_167' title='bbox 593 2228 663 2295; x_wconf 85' lang='lat' dir='ltr'>XII.</span> 
     </span>
    </p>
   </div>
   <div class='ocr_carea' id='block_1_6' title="bbox 451 2482 1093 2587">
    <p class='ocr_par' dir='ltr' id='par_1_14' title="bbox 451 2482 1093 2587">
     <span class='ocr_line' id='line_1_22' title="bbox 451 2482 1093 2587; baseline -0.011 -27"><span class='ocrx_word' id='word_1_168' title='bbox 451 2486 496 2587; x_wconf 91' lang='lat' dir='ltr'>B)</span> <span class='ocrx_word' id='word_1_169' title='bbox 524 2488 588 2560; x_wconf 82' lang='lat' dir='ltr'>De&#39;</span> <span class='ocrx_word' id='word_1_170' title='bbox 603 2485 827 2560; x_wconf 84' lang='lat' dir='ltr'>versionibus</span> <span class='ocrx_word' id='word_1_171' title='bbox 846 2482 1013 2580; x_wconf 84' lang='lat' dir='ltr'>antiquis.</span> <span class='ocrx_word' id='word_1_172' title='bbox 1090 2525 1093 2534; x_wconf 76' lang='lat'><em>=</em></span> 
     </span>
    </p>
   </div>
   <div class='ocr_carea' id='block_1_7' title="bbox 678 2690 781 2772">
    <p class='ocr_par' dir='ltr' id='par_1_15' title="bbox 678 2690 781 2772">
     <span class='ocr_line' id='line_1_23' title="bbox 678 2690 781 2772; baseline -0.01 -16"><span class='ocrx_word' id='word_1_173' title='bbox 678 2690 706 2772; x_wconf 67' lang='lat'>§-</span> <span class='ocrx_word' id='word_1_174' title='bbox 729 2690 781 2756; x_wconf 83' lang='lat'>52.</span> 
     </span>
    </p>
   </div>
   <div class='ocr_carea' id='block_1_8' title="bbox 525 2826 857 2880">
    <p class='ocr_par' dir='ltr' id='par_1_16' title="bbox 525 2826 857 2880">
     <span class='ocr_line' id='line_1_24' title="bbox 525 2826 857 2880; baseline -0.003 -2"><span class='ocrx_word' id='word_1_175' title='bbox 525 2836 527 2841; x_wconf 85' lang='lat'>·</span> <span class='ocrx_word' id='word_1_176' title='bbox 602 2826 857 2880; x_wconf 78' lang='lat' dir='ltr'>Prasmonenda.</span> 
     </span>
    </p>
   </div>
   <div class='ocr_carea' id='block_1_9' title="bbox 127 2979 1364 4693">
    <p class='ocr_par' dir='ltr' id='par_1_17' title="bbox 127 2979 1347 3220">
     <span class='ocr_line' id='line_1_25' title="bbox 202 2979 1347 3061; baseline -0.002 -13"><span class='ocrx_word' id='word_1_177' title='bbox 202 2983 377 3049; x_wconf 90' lang='lat' dir='ltr'>Versiones</span> <span class='ocrx_word' id='word_1_178' title='bbox 404 2980 606 3048; x_wconf 87' lang='lat' dir='ltr'>essentialem</span> <span class='ocrx_word' id='word_1_179' title='bbox 633 2984 666 3046; x_wconf 94' lang='lat' dir='ltr'>et</span> <span class='ocrx_word' id='word_1_180' title='bbox 690 2984 869 3044; x_wconf 89' lang='lat' dir='ltr'>memoratu</span> <span class='ocrx_word' id='word_1_181' title='bbox 891 2980 1111 3061; x_wconf 86' lang='lat' dir='ltr'>dignissimam</span> <span class='ocrx_word' id='word_1_182' title='bbox 1133 2981 1170 3043; x_wconf 93' lang='lat' dir='ltr'>ut</span> <span class='ocrx_word' id='word_1_183' title='bbox 1191 2979 1347 3046; x_wconf 89' lang='lat' dir='ltr'>historiae</span> 
     </span>
     <span class='ocr_line' id='line_1_26' title="bbox 128 3065 1345 3149; baseline 0 -19"><span class='ocrx_word' id='word_1_184' title='bbox 128 3071 224 3134; x_wconf 87' lang='lat' dir='ltr'>textus</span> <span class='ocrx_word' id='word_1_185' title='bbox 245 3069 343 3148; x_wconf 87' lang='lat' dir='ltr'>sacri,</span> <span class='ocrx_word' id='word_1_186' title='bbox 366 3067 413 3133; x_wconf 90' lang='lat' dir='ltr'>ita</span> <span class='ocrx_word' id='word_1_187' title='bbox 436 3073 469 3133; x_wconf 91' lang='lat' dir='ltr'>et</span> <span class='ocrx_word' id='word_1_188' title='bbox 491 3070 768 3132; x_wconf 89' lang='lat' dir='ltr'>monumentorum</span> <span class='ocrx_word' id='word_1_189' title='bbox 791 3065 973 3141; x_wconf 85' lang='lat' dir='ltr'>criticorum</span> <span class='ocrx_word' id='word_1_190' title='bbox 994 3065 1193 3132; x_wconf 89' lang='lat' dir='ltr'>constituunt</span> <span class='ocrx_word' id='word_1_191' title='bbox 1211 3068 1345 3149; x_wconf 86' lang='lat' dir='ltr'>partem.</span> 
     </span>
     <span class='ocr_line' id='line_1_27' title="bbox 127 3149 377 3220; baseline 0.008 -5"><span class='ocrx_word' id='word_1_192' title='bbox 127 3149 198 3219; x_wconf 90' lang='lat' dir='ltr'>Nam</span> <span class='ocrx_word' id='word_1_193' title='bbox 212 3154 377 3220; x_wconf 85' lang='lat' dir='ltr'>versiones</span> 
     </span>
    </p>

    <p class='ocr_par' dir='ltr' id='par_1_18' title="bbox 128 3235 1348 3924">
     <span class='ocr_line' id='line_1_28' title="bbox 203 3235 1348 3319; baseline -0.001 -16"><span class='ocrx_word' id='word_1_194' title='bbox 203 3241 230 3304; x_wconf 89' lang='lat'>1.</span> <span class='ocrx_word' id='word_1_195' title='bbox 253 3239 365 3304; x_wconf 89' lang='lat' dir='ltr'>intimo</span> <span class='ocrx_word' id='word_1_196' title='bbox 387 3239 421 3303; x_wconf 93' lang='grc'>10</span> <span class='ocrx_word' id='word_1_197' title='bbox 442 3256 525 3302; x_wconf 85' lang='lat' dir='ltr'>nexu</span> <span class='ocrx_word' id='word_1_198' title='bbox 546 3237 672 3318; x_wconf 90' lang='lat' dir='ltr'>positae</span> <span class='ocrx_word' id='word_1_199' title='bbox 696 3256 767 3302; x_wconf 91' lang='lat' dir='ltr'>cum</span> <span class='ocrx_word' id='word_1_200' title='bbox 794 3237 949 3319; x_wconf 85' lang='lat' dir='ltr'>evangelii</span> <span class='ocrx_word' id='word_1_201' title='bbox 974 3236 1206 3319; x_wconf 82' lang='lat' dir='ltr'>propagatione</span> <span class='ocrx_word' id='word_1_202' title='bbox 1228 3235 1348 3315; x_wconf 89' lang='lat' dir='ltr'>ubique</span> 
     </span>
     <span class='ocr_line' id='line_1_29' title="bbox 129 3321 1347 3406; baseline 0.002 -19"><span class='ocrx_word' id='word_1_203' title='bbox 129 3332 320 3404; x_wconf 88' lang='lat' dir='ltr'>enascuntur,</span> <span class='ocrx_word' id='word_1_204' title='bbox 335 3324 391 3389; x_wconf 92' lang='lat' dir='ltr'>ubi</span> <span class='ocrx_word' id='word_1_205' title='bbox 403 3322 513 3405; x_wconf 90' lang='lat' dir='ltr'>populi</span> <span class='ocrx_word' id='word_1_206' title='bbox 526 3324 626 3388; x_wconf 87' lang='lat' dir='ltr'>exteri</span> <span class='ocrx_word' id='word_1_207' title='bbox 637 3322 776 3406; x_wconf 90' lang='lat' dir='ltr'>propriis</span> <span class='ocrx_word' id='word_1_208' title='bbox 791 3323 907 3406; x_wconf 87' lang='lat' dir='ltr'>linguis</span> <span class='ocrx_word' id='word_1_209' title='bbox 922 3327 1050 3390; x_wconf 91' lang='lat' dir='ltr'>utentes</span> <span class='ocrx_word' id='word_1_210' title='bbox 1063 3321 1215 3388; x_wconf 90' lang='lat' dir='ltr'>ecclesiae</span> <span class='ocrx_word' id='word_1_211' title='bbox 1228 3321 1347 3388; x_wconf 83' lang='lat' dir='ltr'>Christi</span> 
     </span>
     <span class='ocr_line' id='line_1_30' title="bbox 129 3408 1347 3493; baseline 0.002 -21"><span class='ocrx_word' id='word_1_212' title='bbox 129 3427 189 3476; x_wconf 90' lang='lat' dir='ltr'>sese</span> <span class='ocrx_word' id='word_1_213' title='bbox 203 3411 372 3477; x_wconf 89' lang='lat' dir='ltr'>associant.</span> <span class='ocrx_word' id='word_1_214' title='bbox 408 3409 684 3487; x_wconf 84' lang='lat' dir='ltr'>Quemadmodum</span> <span class='ocrx_word' id='word_1_215' title='bbox 700 3409 783 3475; x_wconf 90' lang='lat' dir='ltr'>euim</span> <span class='ocrx_word' id='word_1_216' title='bbox 797 3409 945 3491; x_wconf 85' lang='lat' dir='ltr'>Apostoli</span> <span class='ocrx_word' id='word_1_217' title='bbox 968 3409 1089 3493; x_wconf 90' lang='lat' dir='ltr'>scripta</span> <span class='ocrx_word' id='word_1_218' title='bbox 1111 3427 1169 3473; x_wconf 90' lang='lat' dir='ltr'>sua</span> <span class='ocrx_word' id='word_1_219' title='bbox 1193 3408 1347 3489; x_wconf 88' lang='lat' dir='ltr'>quodam·</span> 
     </span>
     <span class='ocr_line' id='line_1_31' title="bbox 129 3493 1347 3578; baseline 0.002 -21"><span class='ocrx_word' id='word_1_220' title='bbox 129 3497 213 3562; x_wconf 90' lang='grc'><strong>0010</strong></span> <span class='ocrx_word' id='word_1_221' title='bbox 228 3498 262 3562; x_wconf 89' lang='grc'>10</span> <span class='ocrx_word' id='word_1_222' title='bbox 277 3496 479 3578; x_wconf 89' lang='lat' dir='ltr'>praesentiae</span> <span class='ocrx_word' id='word_1_223' title='bbox 495 3514 573 3560; x_wconf 90' lang='lat' dir='ltr'>suae</span> <span class='ocrx_word' id='word_1_224' title='bbox 588 3496 878 3576; x_wconf 88' lang='lat' dir='ltr'>compensationem</span> <span class='ocrx_word' id='word_1_225' title='bbox 893 3495 1045 3576; x_wconf 85' lang='lat' dir='ltr'>proximis</span> <span class='ocrx_word' id='word_1_226' title='bbox 1059 3493 1233 3560; x_wconf 89' lang='lat' dir='ltr'>lectoribus</span> <span class='ocrx_word' id='word_1_227' title='bbox 1248 3493 1347 3559; x_wconf 90' lang='lat' dir='ltr'>desti-</span> 
     </span>
     <span class='ocr_line' id='line_1_32' title="bbox 128 3578 1348 3663; baseline 0.005 -21"><span class='ocrx_word' id='word_1_228' title='bbox 128 3590 248 3648; x_wconf 89' lang='lat' dir='ltr'>namnt:</span> <span class='ocrx_word' id='word_1_229' title='bbox 273 3583 321 3647; x_wconf 91' lang='grc'>110</span> <span class='ocrx_word' id='word_1_230' title='bbox 343 3581 439 3646; x_wconf 92' lang='lat' dir='ltr'>etiam</span> <span class='ocrx_word' id='word_1_231' title='bbox 455 3600 565 3646; x_wconf 90' lang='lat' dir='ltr'>eorum</span> <span class='ocrx_word' id='word_1_232' title='bbox 580 3589 781 3646; x_wconf 85' lang='lat' dir='ltr'>successores</span> <span class='ocrx_word' id='word_1_233' title='bbox 797 3583 830 3646; x_wconf 91' lang='lat' dir='ltr'>et</span> <span class='ocrx_word' id='word_1_234' title='bbox 845 3581 1001 3663; x_wconf 90' lang='lat' dir='ltr'>evangelii</span> <span class='ocrx_word' id='word_1_235' title='bbox 1022 3598 1197 3661; x_wconf 87' lang='lat' dir='ltr'>praecones</span> <span class='ocrx_word' id='word_1_236' title='bbox 1211 3578 1348 3663; x_wconf 81' lang='lat' dir='ltr'>populos</span> 
     </span>
     <span class='ocr_line' id='line_1_33' title="bbox 128 3665 1348 3750; baseline 0.003 -22"><span class='ocrx_word' id='word_1_237' title='bbox 128 3666 162 3729; x_wconf 90' lang='lat' dir='ltr'>ad</span> <span class='ocrx_word' id='word_1_238' title='bbox 184 3667 345 3733; x_wconf 79' lang='lat' dir='ltr'>Christum</span> <span class='ocrx_word' id='word_1_239' title='bbox 369 3684 537 3732; x_wconf 79' lang='lat' dir='ltr'>conversos</span> <span class='ocrx_word' id='word_1_240' title='bbox 559 3666 623 3731; x_wconf 90' lang='lat' dir='ltr'>illis</span> <span class='ocrx_word' id='word_1_241' title='bbox 645 3666 797 3750; x_wconf 89' lang='lat' dir='ltr'>pretiosis</span> <span class='ocrx_word' id='word_1_242' title='bbox 820 3667 1048 3748; x_wconf 85' lang='lat' dir='ltr'>Apostolorum</span> <span class='ocrx_word' id='word_1_243' title='bbox 1071 3665 1215 3746; x_wconf 88' lang='lat' dir='ltr'>reliquiis</span> <span class='ocrx_word' id='word_1_244' title='bbox 1239 3683 1348 3732; x_wconf 85' lang='lat' dir='ltr'>carere</span> 
     </span>
     <span class='ocr_line' id='line_1_34' title="bbox 128 3751 1348 3834; baseline 0.004 -20"><span class='ocrx_word' id='word_1_245' title='bbox 128 3753 295 3834; x_wconf 90' lang='lat' dir='ltr'>noluerunt,</span> <span class='ocrx_word' id='word_1_246' title='bbox 312 3758 349 3817; x_wconf 93' lang='lat' dir='ltr'>ut</span> <span class='ocrx_word' id='word_1_247' title='bbox 363 3752 560 3834; x_wconf 91' lang='lat' dir='ltr'>impleretur,</span> <span class='ocrx_word' id='word_1_248' title='bbox 577 3752 787 3834; x_wconf 76' lang='grc'><strong>00011012,</strong></span> <span class='ocrx_word' id='word_1_249' title='bbox 802 3752 851 3816; x_wconf 88' lang='lat'>11.</span> <span class='ocrx_word' id='word_1_250' title='bbox 867 3752 1011 3833; x_wconf 74' lang='lat' dir='ltr'>legimus</span> <span class='ocrx_word' id='word_1_251' title='bbox 1027 3757 1065 3816; x_wconf 92' lang='grc'>01</span> <span class='ocrx_word' id='word_1_252' title='bbox 1079 3751 1227 3818; x_wconf 89' lang='lat' dir='ltr'>nimirum</span> <span class='ocrx_word' id='word_1_253' title='bbox 1240 3769 1348 3819; x_wconf 84' lang='lat' dir='ltr'>omnes</span> 
     </span>
     <span class='ocr_line' id='line_1_35' title="bbox 129 3837 987 3924; baseline 0 -22"><span class='ocrx_word' id='word_1_254' title='bbox 129 3844 228 3916; x_wconf 88' lang='lat' dir='ltr'>gentes</span> <span class='ocrx_word' id='word_1_255' title='bbox 242 3837 417 3924; x_wconf 86' lang='lat' dir='ltr'>Apostolos</span> <span class='ocrx_word' id='word_1_256' title='bbox 433 3839 583 3904; x_wconf 91' lang='lat' dir='ltr'>audirent</span> <span class='ocrx_word' id='word_1_257' title='bbox 598 3838 664 3902; x_wconf 91' lang='lat' dir='ltr'>suis</span> <span class='ocrx_word' id='word_1_258' title='bbox 679 3838 797 3919; x_wconf 90' lang='lat' dir='ltr'>linguis</span> <span class='ocrx_word' id='word_1_259' title='bbox 811 3837 987 3919; x_wconf 84' lang='lat' dir='ltr'>loquentes</span> 
     </span>
    </p>

    <p class='ocr_par' dir='ltr' id='par_1_19' title="bbox 129 3922 1364 4606">
     <span class='ocr_line' id='line_1_36' title="bbox 203 3922 1349 4005; baseline -0.002 -16"><span class='ocrx_word' id='word_1_260' title='bbox 203 3926 231 3990; x_wconf 87' lang='grc'>2.</span> <span class='ocrx_word' id='word_1_261' title='bbox 251 3925 298 3990; x_wconf 94' lang='lat' dir='ltr'>Ut</span> <span class='ocrx_word' id='word_1_262' title='bbox 312 3923 375 4005; x_wconf 91' lang='lat' dir='ltr'>ipsi</span> <span class='ocrx_word' id='word_1_263' title='bbox 389 3923 464 3988; x_wconf 93' lang='lat' dir='ltr'>libri</span> <span class='ocrx_word' id='word_1_264' title='bbox 479 3924 562 3989; x_wconf 90' lang='lat' dir='ltr'>sacri</span> <span class='ocrx_word' id='word_1_265' title='bbox 577 3924 615 3987; x_wconf 90' lang='lat' dir='ltr'>N.</span> <span class='ocrx_word' id='word_1_266' title='bbox 632 3924 681 4004; x_wconf 80' lang='lat' dir='ltr'>T,</span> <span class='ocrx_word' id='word_1_267' title='bbox 708 3923 755 3988; x_wconf 91' lang='lat' dir='ltr'>ita</span> <span class='ocrx_word' id='word_1_268' title='bbox 779 3923 875 3988; x_wconf 86' lang='lat' dir='ltr'>etiam</span> <span class='ocrx_word' id='word_1_269' title='bbox 890 3922 1132 4004; x_wconf 90' lang='lat' dir='ltr'>antiquissimae</span> <span class='ocrx_word' id='word_1_270' title='bbox 1154 3942 1264 3990; x_wconf 90' lang='lat' dir='ltr'>eorum</span> <span class='ocrx_word' id='word_1_271' title='bbox 1279 3943 1349 3988; x_wconf 87' lang='lat' dir='ltr'>ver-</span> 
     </span>
     <span class='ocr_line' id='line_1_37' title="bbox 129 4006 1348 4092; baseline 0.004 -23"><span class='ocrx_word' id='word_1_272' title='bbox 129 4006 222 4076; x_wconf 90' lang='lat' dir='ltr'>siones</span> <span class='ocrx_word' id='word_1_273' title='bbox 243 4009 387 4092; x_wconf 86' lang='lat' dir='ltr'>proxime</span> <span class='ocrx_word' id='word_1_274' title='bbox 407 4028 470 4074; x_wconf 92' lang='grc'>000</span> <span class='ocrx_word' id='word_1_275' title='bbox 485 4010 528 4074; x_wconf 89' lang='grc'>01</span> <span class='ocrx_word' id='word_1_276' title='bbox 550 4010 692 4074; x_wconf 88' lang='lat' dir='ltr'>iderant</span> <span class='ocrx_word' id='word_1_277' title='bbox 713 4009 909 4088; x_wconf 89' lang='lat' dir='ltr'>destinatae,</span> <span class='ocrx_word' id='word_1_278' title='bbox 936 4014 973 4073; x_wconf 93' lang='grc'>01</span> <span class='ocrx_word' id='word_1_279' title='bbox 987 4008 1154 4091; x_wconf 87' lang='lat' dir='ltr'>privatim,</span> <span class='ocrx_word' id='word_1_280' title='bbox 1181 4009 1239 4074; x_wconf 91' lang='lat' dir='ltr'>sed</span> <span class='ocrx_word' id='word_1_281' title='bbox 1261 4014 1298 4073; x_wconf 93' lang='lat' dir='ltr'>ut</span> <span class='ocrx_word' id='word_1_282' title='bbox 1315 4009 1348 4074; x_wconf 94' lang='grc'>10</span> 
     </span>
     <span class='ocr_line' id='line_1_38' title="bbox 130 4093 1348 4178; baseline 0.003 -24"><span class='ocrx_word' id='word_1_283' title='bbox 130 4093 206 4160; x_wconf 89' lang='lat' dir='ltr'>cultu</span> <span class='ocrx_word' id='word_1_284' title='bbox 221 4096 327 4162; x_wconf 88' lang='lat' dir='ltr'>divino</span> <span class='ocrx_word' id='word_1_285' title='bbox 343 4094 471 4176; x_wconf 87' lang='lat' dir='ltr'>publice</span> <span class='ocrx_word' id='word_1_286' title='bbox 485 4095 676 4178; x_wconf 91' lang='lat' dir='ltr'>legerentur.</span> <span class='ocrx_word' id='word_1_287' title='bbox 713 4094 759 4158; x_wconf 92' lang='lat' dir='ltr'>Ut</span> <span class='ocrx_word' id='word_1_288' title='bbox 781 4097 889 4160; x_wconf 91' lang='lat' dir='ltr'>autem</span> <span class='ocrx_word' id='word_1_289' title='bbox 904 4096 1008 4160; x_wconf 90' lang='lat' dir='ltr'>versio</span> <span class='ocrx_word' id='word_1_290' title='bbox 1025 4099 1147 4159; x_wconf 85' lang='lat' dir='ltr'>textum</span> <span class='ocrx_word' id='word_1_291' title='bbox 1162 4093 1348 4175; x_wconf 84' lang='lat' dir='ltr'>originalem</span> 
     </span>
     <span class='ocr_line' id='line_1_39' title="bbox 129 4179 1364 4262; baseline 0.001 -20"><span class='ocrx_word' id='word_1_292' title='bbox 129 4187 266 4248; x_wconf 84' lang='lat' dir='ltr'>accurate</span> <span class='ocrx_word' id='word_1_293' title='bbox 281 4184 541 4262; x_wconf 87' lang='lat' dir='ltr'>repraesentaret</span> <span class='ocrx_word' id='word_1_294' title='bbox 556 4188 589 4246; x_wconf 92' lang='lat' dir='ltr'>et</span> <span class='ocrx_word' id='word_1_295' title='bbox 611 4187 847 4260; x_wconf 84' lang='lat' dir='ltr'>compensaret,</span> <span class='ocrx_word' id='word_1_296' title='bbox 869 4185 983 4247; x_wconf 89' lang='lat' dir='ltr'>auctor</span> <span class='ocrx_word' id='word_1_297' title='bbox 1005 4181 1089 4262; x_wconf 90' lang='lat' dir='ltr'>ejus,</span> <span class='ocrx_word' id='word_1_298' title='bbox 1114 4179 1292 4262; x_wconf 86' lang='lat' dir='ltr'>exemplum</span> <span class='ocrx_word' id='word_1_299' title='bbox 1308 4179 1364 4243; x_wconf 74' lang='lat'>70·</span> 
     </span>
     <span class='ocr_line' id='line_1_40' title="bbox 129 4264 1349 4347; baseline 0 -19"><span class='ocrx_word' id='word_1_300' title='bbox 129 4265 346 4333; x_wconf 85' lang='lat' dir='ltr'>translatorum</span> <span class='ocrx_word' id='word_1_301' title='bbox 361 4266 398 4330; x_wconf 90' lang='lat' dir='ltr'>V.</span> <span class='ocrx_word' id='word_1_302' title='bbox 415 4267 613 4347; x_wconf 74' lang='lat' dir='ltr'>Recursus</span> <span class='ocrx_word' id='word_1_303' title='bbox 633 4284 834 4346; x_wconf 91' lang='lat' dir='ltr'>summopere</span> <span class='ocrx_word' id='word_1_304' title='bbox 848 4264 1016 4330; x_wconf 90' lang='lat' dir='ltr'>abhorruit</span> <span class='ocrx_word' id='word_1_305' title='bbox 1031 4265 1072 4330; x_wconf 95' lang='lat' dir='ltr'>ab</span> <span class='ocrx_word' id='word_1_306' title='bbox 1089 4265 1266 4347; x_wconf 85' lang='lat' dir='ltr'>elegantiae</span> <span class='ocrx_word' id='word_1_307' title='bbox 1282 4269 1349 4330; x_wconf 90' lang='lat' dir='ltr'>stu-</span> 
     </span>
     <span class='ocr_line' id='line_1_41' title="bbox 130 4346 1348 4432; baseline 0.004 -21"><span class='ocrx_word' id='word_1_308' title='bbox 130 4346 183 4432; x_wconf 86' lang='lat' dir='ltr'>dio,</span> <span class='ocrx_word' id='word_1_309' title='bbox 198 4359 230 4418; x_wconf 92' lang='lat' dir='ltr'>et</span> <span class='ocrx_word' id='word_1_310' title='bbox 242 4373 279 4418; x_wconf 91' lang='grc'>00</span> <span class='ocrx_word' id='word_1_311' title='bbox 295 4352 398 4417; x_wconf 91' lang='lat' dir='ltr'>solum</span> <span class='ocrx_word' id='word_1_312' title='bbox 414 4351 576 4431; x_wconf 89' lang='lat' dir='ltr'>tendebat,</span> <span class='ocrx_word' id='word_1_313' title='bbox 592 4357 629 4416; x_wconf 93' lang='lat' dir='ltr'>ut</span> <span class='ocrx_word' id='word_1_314' title='bbox 644 4371 706 4416; x_wconf 95' lang='grc'>000</span> <span class='ocrx_word' id='word_1_315' title='bbox 721 4357 846 4416; x_wconf 90' lang='lat' dir='ltr'>tautum</span> <span class='ocrx_word' id='word_1_316' title='bbox 861 4369 989 4416; x_wconf 90' lang='lat' dir='ltr'>sensum</span> <span class='ocrx_word' id='word_1_317' title='bbox 1001 4352 1043 4416; x_wconf 89' lang='lat' dir='ltr'>ad</span> <span class='ocrx_word' id='word_1_318' title='bbox 1055 4351 1207 4416; x_wconf 91' lang='lat' dir='ltr'>amussim</span> <span class='ocrx_word' id='word_1_319' title='bbox 1218 4369 1348 4432; x_wconf 90' lang='lat' dir='ltr'>reprae-</span> 
     </span>
     <span class='ocr_line' id='line_1_42' title="bbox 130 4437 1349 4518; baseline 0.004 -23"><span class='ocrx_word' id='word_1_320' title='bbox 130 4441 272 4518; x_wconf 90' lang='lat' dir='ltr'>sentaret,</span> <span class='ocrx_word' id='word_1_321' title='bbox 298 4439 355 4503; x_wconf 90' lang='lat' dir='ltr'>sed</span> <span class='ocrx_word' id='word_1_322' title='bbox 378 4437 475 4502; x_wconf 89' lang='lat' dir='ltr'>etiam</span> <span class='ocrx_word' id='word_1_323' title='bbox 490 4437 718 4503; x_wconf 85' lang='lat' dir='ltr'>vocabulorum</span> <span class='ocrx_word' id='word_1_324' title='bbox 734 4437 891 4516; x_wconf 89' lang='lat' dir='ltr'>ordinem,</span> <span class='ocrx_word' id='word_1_325' title='bbox 914 4437 978 4503; x_wconf 90' lang='lat' dir='ltr'>imo</span> <span class='ocrx_word' id='word_1_326' title='bbox 993 4438 1081 4518; x_wconf 91' lang='lat' dir='ltr'>ipsas</span> <span class='ocrx_word' id='word_1_327' title='bbox 1097 4437 1349 4503; x_wconf 90' lang='lat' dir='ltr'>constructiones</span> 
     </span>
     <span class='ocr_line' id='line_1_43' title="bbox 131 4522 1004 4606; baseline 0.005 -24"><span class='ocrx_word' id='word_1_328' title='bbox 131 4525 344 4598; x_wconf 84' lang='lat' dir='ltr'>grammaticas</span> <span class='ocrx_word' id='word_1_329' title='bbox 355 4524 449 4606; x_wconf 86' lang='lat' dir='ltr'>juxta</span> <span class='ocrx_word' id='word_1_330' title='bbox 464 4530 587 4589; x_wconf 88' lang='lat' dir='ltr'>textum</span> <span class='ocrx_word' id='word_1_331' title='bbox 602 4522 789 4604; x_wconf 88' lang='lat' dir='ltr'>originalem</span> <span class='ocrx_word' id='word_1_332' title='bbox 804 4523 1004 4604; x_wconf 87' lang='lat' dir='ltr'>exprimeret.</span> 
     </span>
    </p>

    <p class='ocr_par' dir='ltr' id='par_1_20' title="bbox 209 4607 1349 4693">
     <span class='ocr_line' id='line_1_44' title="bbox 209 4607 1349 4693; baseline -0.001 -19"><span class='ocrx_word' id='word_1_333' title='bbox 209 4610 236 4674; x_wconf 89' lang='grc'>3.</span> <span class='ocrx_word' id='word_1_334' title='bbox 251 4611 432 4677; x_wconf 90' lang='lat' dir='ltr'>Memoratu</span> <span class='ocrx_word' id='word_1_335' title='bbox 444 4610 575 4693; x_wconf 90' lang='lat' dir='ltr'>dignum</span> <span class='ocrx_word' id='word_1_336' title='bbox 587 4615 647 4689; x_wconf 92' lang='lat' dir='ltr'>est,</span> <span class='ocrx_word' id='word_1_337' title='bbox 662 4608 695 4673; x_wconf 91' lang='grc'>10</span> <span class='ocrx_word' id='word_1_338' title='bbox 711 4607 824 4689; x_wconf 88' lang='lat' dir='ltr'>quavis</span> <span class='ocrx_word' id='word_1_339' title='bbox 839 4608 948 4690; x_wconf 85' lang='lat' dir='ltr'>lingua</span> <span class='ocrx_word' id='word_1_340' title='bbox 962 4608 1002 4674; x_wconf 90' lang='lat' dir='ltr'>ab</span> <span class='ocrx_word' id='word_1_341' title='bbox 1017 4608 1108 4675; x_wconf 89' lang='lat' dir='ltr'>initio</span> <span class='ocrx_word' id='word_1_342' title='bbox 1123 4626 1219 4674; x_wconf 90' lang='lat' dir='ltr'>unam</span> <span class='ocrx_word' id='word_1_343' title='bbox 1230 4607 1349 4674; x_wconf 86' lang='lat' dir='ltr'>versio-</span> 
     </span>
    </p>
   </div>
   <div class='ocr_carea' id='block_1_10' title="bbox 0 0 1685 5176">
    <p class='ocr_par' dir='ltr' id='par_1_21' title="bbox 0 0 1685 5176">
     <span class='ocr_line' id='line_1_45' title="bbox 0 0 1685 5176; baseline 0 0"><span class='ocrx_word' id='word_1_344' title='bbox 0 0 1685 5176; x_wconf 95' lang='lat' dir='ltr'> </span> 
     </span>
    </p>
   </div>
  </div>
 </body>
</html>
