3356 5176
770 970 943 1067 PARS
970 971 1007 1066 I.

431 1182 896 1301 INTRODUCTIO
942 1181 1343 1302 annuntiis.

751 1542 961 1613 sucum
997 1542 1030 1612 1.

484 1719 794 1814 INTRODUCTIO
832 1719 1297 1812 hisichius-unium.

850 1929 878 2011 e.
901 1930 931 1994 s.

709 2066 808 2116 Notio
822 2065 889 2125 ejrm
902 2069 934 2116 et
945 2066 1069 2116 divisio.

237 2255 242 2264 ·
365 2217 509 2280 Hchtora'o
530 2240 692 2280 sacrorum
714 2218 755 2279 N.
782 2217 818 2282 Τ.
843 2218 995 2282 librorum
1023 2232 1068 2282 cot
1091 2221 1233 2284 narrum
1250 2217 1320 2302 fide
1347 2218 1444 2304 digno
1468 2217 1505 2282 de

280 2325 384 2365 corana
405 2305 537 2388 origano,
552 2302 640 2386 fatas
661 2327 699 2364 cc
718 2304 955 2387 mutationibus,
980 2327 1060 2388 quas
1075 2318 1204 2368 caterno
1219 2318 1247 2367 ct
1261 2305 1387 2366 interna
1402 2327 1505 2367 corum

211 2421 213 2426 v
278 2386 414 2451 condctc'o
426 2411 485 2471 per
501 2388 665 2450 decursum
681 2390 828 2472 temporis
842 2389 946 2452 subsit.
1345 2450 1348 2455 .

363 2474 400 2538 In
415 2473 479 2537 tria
494 2474 649 2539 dividitur
665 2474 786 2555 capita:
809 2475 842 2538 in
857 2475 1024 2540 historiam
1040 2475 1183 2556 originis,
1204 2475 1453 2561 conservationis
1468 2494 1506 2540 ac

277 2559 536 2641 propagationis;
559 2560 592 2624 in
613 2560 782 2625 historiam
798 2560 935 2626 Canonis
950 2562 1029 2627 etin
1044 2561 1211 2626 historiam
1225 2566 1333 2626 textus
1348 2560 1449 2626 relate
1464 2562 1506 2625 ad

279 2645 447 2710 materiam
463 2653 496 2711 et
509 2645 653 2710 formam.
1520 2675 1522 2678 ·

774 2815 948 2892 CAPUT
982 2815 1010 2889 I.

294 2959 468 3045 'Historia
487 2969 646 3067 originis,
666 2969 947 3044 conservationis
966 2993 1008 3044 ac
1025 2970 1294 3066 propagationis
1313 2969 1483 3044 librorum

599 3277 632 3357 a)
655 3277 704 3343 De
721 3277 843 3358 origine
859 3294 900 3342 ss.
916 3275 954 3340 N.
971 3277 1005 3342 T.
1021 3276 1185 3342 librorum.

853 3428 880 3510 ἕ.
904 3430 933 3494 6,

586 3565 682 3625 Origo
695 3577 736 3616 ss.
749 3567 790 3617 N.
803 3566 837 3617 ¹1¹.
849 3565 1008 3616 librorum
1024 3567 1058 3616 in
1071 3579 1195 3627 genere.

363 3719 453 3784 Sacri
477 3719 516 3783 N.
539 3719 573 3782 T.
600 3717 691 3798 libri,
719 3718 802 3800 „ille
829 3719 965 3784 coelestia
990 3719 1168 3801 thesauram,
1200 3744 1288 3805 quarn
1315 3719 1454 3806 Spc‘rc‘tuo
1478 3745 1503 3785 c.

276 3809 400 3870 somma
421 3802 608 3868 liberalitate
627 3803 802 3868 hominibus
821 3804 955 3868 tradidit
962 3805 980 3839 “
1001 3805 1101 3887 (conc.
1118 3806 1204 3871 Trid.
1225 3826 1302 3873 sess.
1318 3807 1355 3871 V.
1373 3826 1397 3872 c.
1415 3809 1442 3871 1.
1466 3809 1507 3872 de

278 3889 465 3971 reformat),
490 3909 553 3954 non
567 3893 735 3955 auctorum
751 3891 867 3970 studio,
892 3891 1078 3972 religionem
1095 3891 1214 3957 Christi
1234 3894 1266 3958 in
1286 3894 1439 3958 mundum
1459 3894 1506 3957 in-

278 3975 467 4041 troducendi
483 3993 540 4040 seu
555 3980 667 4056 gentes
683 3977 902 4057 convertendi,
924 3978 982 4042 sed
997 3976 1212 4059 peculiaribus
1228 3984 1284 4043 aut
1300 3978 1505 4044 ecclesiarum

277 4062 491 4142 integrarum,
514 4067 570 4124 aut
589 4080 799 4142 personarum
815 4062 1011 4143 singularum
1026 4063 1110 4128 votis
1126 4069 1158 4128 et
1172 4063 1356 4146 indigentiis
1372 4064 1506 4129 historia

278 4151 362 4213 toste
377 4146 531 4228 originem
547 4147 672 4212 debent.
704 4147 798 4224 Quod
814 4148 897 4212 enim
912 4149 1028 4214 attinet

364 4233 391 4295 1.
416 4231 511 4294 libros
525 4231 704 4295 historicos:
731 4233 886 4313 Christus,
912 4233 980 4316 ejus
996 4234 1062 4298 vita
1078 4238 1110 4298 et
1126 4235 1271 4300 doctrina
1290 4235 1505 4315 praedicatio-

277 4318 327 4382 nis
353 4317 549 4398 apostoHcae
575 4337 701 4401 semper
728 4325 760 4384 et
788 4319 909 4400 ubique
936 4325 1005 4384 erat
1034 4317 1275 4385 fundamentum
1302 4326 1335 4386 et
1361 4326 1506 4386 centrum

279 4402 316 4482 (I.
331 4403 402 4468 Gor.
417 4404 444 4482 1,
460 4404 510 4468 23.
526 4405 557 4484 2,
572 4405 602 4468 2.
614 4405 685 4468 Act.
703 4405 752 4483 10,
768 4405 849 4486 37.);
864 4423 938 4468 nam
950 4405 1045 4484 dicta,
1061 4403 1147 4470 facta
1163 4409 1195 4470 et
1209 4404 1278 4471 fata
1292 4405 1372 4471 Jesu
1386 4404 1506 4470 Christi

279 4487 410 4554 asseclis
426 4489 494 4570 ejus
509 4494 545 4553 ut
560 4488 635 4554 fidei
650 4489 818 4570 obJectum
835 4490 882 4554 ita
897 4495 930 4555 et
944 4490 1030 4555 vitae
1045 4506 1157 4554 norma
1172 4495 1272 4555 erant.
1288 4491 1382 4555 Hunc
1396 4497 1506 4556 autom

278 4573 311 4638 in
334 4572 429 4640 finem
445 4576 594 4640 continue
610 4579 643 4641 et
658 4575 730 4640 viva
750 4575 971 4640 recordatione
994 4580 1027 4640 et
1050 4575 1201 4641 accurata
1215 4576 1305 4641 verbi
1327 4576 1506 4657 praedicati
