3428 5180
268 483 340 548 Hae
354 487 462 548 tamen
477 482 618 548 rationes
633 483 777 548 internae
791 502 855 547 non
876 481 1055 561 sufficiunt,
1078 487 1116 545 ut
1138 481 1307 563 epistolam
1328 485 1409 549 hanc

183 569 284 634 Paulo
298 568 454 649 Apostolo
469 568 699 650 abjudicemus
715 573 748 633 et
762 568 812 634 vel
827 568 1015 648 Barnabae,
1029 567 1081 633 vel
1094 567 1261 664 Apolloni,
1276 567 1327 634 vel
1343 568 1410 633 Ole-

181 655 280 717 nean
290 654 452 735 Romano,
475 653 527 718 vel
541 655 647 716 Lucae
669 653 720 719 vel
742 653 805 717 alla·
823 655 967 717 cometam
981 651 1129 734 Apostoh
1147 652 1188 717 ab
1205 671 1242 718 eo
1257 652 1409 735 indepen-

183 739 273 804 denti
288 737 509 803 adscribamus
524 737 657 803 auctori
680 738 765 802 Nam

268 823 321 887 Ad
334 827 364 889 1.,
385 841 499 890 nomen
513 823 661 904 Apostoli
674 824 707 887 in
721 823 826 889 fronte
841 843 903 888 non
918 841 990 889 esse
1004 823 1212 904 adscriptum,
1227 823 1280 886 vix
1294 823 1410 888 mirum

183 927 256 974 esse
270 909 399 990 poterit,
416 908 443 972 si
457 909 645 973 attendatur
659 909 693 990 a)
709 928 791 989 opus
805 910 865 973 hoc
879 928 942 973 non
955 913 1024 972 tam
1036 908 1205 988 epistolam
1217 926 1297 988 esse,
1312 927 1411 991 quam

175 995 291 1076 ,potius
306 998 481 1058 tractatum
496 994 658 1058 eruditum
675 990 782 1079 (λόγον
796 996 853 1092 τῆς
866 992 1100 1079 παρακλήσεως
1115 993 1170 1072 13,
1194 990 1268 1077 12).
1311 994 1410 1059 Prae-

182 1086 274 1144 terea
303 1078 334 1159 b)
364 1079 486 1159 scripta
515 1085 564 1144 est
593 1079 614 1143 J
617 1079 902 1144 udaeochristranis
932 1078 1240 1158 Palaestinensibus,
1273 1097 1409 1157 quorum

181 1164 293 1245 plures
314 1162 416 1227 Paulo
434 1163 590 1244 Apostolo
610 1164 715 1228 minus
734 1163 900 1244 favebant,
927 1163 983 1246 qui
1007 1162 1118 1244 itaque
1143 1163 1185 1228 ab
1212 1182 1250 1228 ea
1274 1163 1411 1244 legenda

183 1248 278 1313 facile
293 1252 401 1313 essent
415 1249 536 1328 eversi,
563 1249 590 1313 si
605 1250 716 1313 statim
729 1250 762 1313 in
778 1251 847 1330 ejus
860 1249 966 1314 fronte
979 1248 1055 1328 viri,
1080 1254 1117 1313 ut
1130 1247 1304 1329 putabant,
1330 1248 1410 1329 ipsis

183 1333 304 1398 inimici
323 1351 439 1398 nomen
458 1333 665 1413 invenissent;
690 1353 753 1400 non
774 1334 937 1415 adscripto
959 1338 1068 1398 autem
1087 1334 1214 1399 nomine
1232 1333 1410 1415 legebatur,

184 1437 249 1500 quo
264 1417 350 1483 facto
366 1418 493 1500 cognita
507 1418 668 1484 rationum
682 1425 843 1484 momenta
857 1420 1099 1500 persuasionem
1113 1418 1303 1500 gignebant,
1326 1436 1411 1500 quae

183 1523 247 1568 non
261 1503 355 1568 facile
370 1504 473 1568 everti
486 1505 606 1584 potuit,
623 1504 684 1569 etsi
699 1505 811 1584 serius,
827 1510 993 1569 auctorem
1008 1521 1079 1569 esse
1094 1503 1246 1583 Paulum,
1261 1503 1409 1568 innotuit.

182 1590 275 1654 Licet
289 1608 366 1653 vero
381 1587 421 1652 ab
437 1589 528 1654 initio
544 1589 699 1669 epistolae
713 1591 854 1655 auctoris
869 1608 984 1654 nomen
999 1589 1099 1668 desit,
1121 1589 1163 1652 ad
1185 1587 1280 1653 finem
1302 1594 1410 1655 tamen

182 1674 259 1739 tahs
273 1672 311 1737 fit
326 1673 485 1738 Timothei
500 1674 634 1753 mentio,
662 1675 766 1756 qualis
780 1675 905 1739 nonnisi
920 1673 1068 1739 relationi
1083 1673 1152 1755 ejus
1168 1674 1210 1737 ad
1232 1692 1256 1738 s
1273 1672 1410 1738 Paulum

181 1777 317 1840 prorsus
332 1758 521 1824 conveniens
537 1763 587 1823 est
602 1759 670 1824 coll.
688 1760 737 1838 13,
753 1760 803 1823 23.
1179 1766 1182 1772 '

268 1844 321 1907 Ad
332 1845 361 1907 2.
385 1843 478 1920 Quod
494 1843 611 1924 stylum
626 1850 659 1908 et
674 1844 846 1909 dictionem
861 1842 986 1922 attinet,
1001 1841 1222 1907 diversitatem
1236 1843 1410 1924 quamdam

181 1930 265 1993 hanc
285 1929 370 1993 inter
392 1933 426 1993 et
446 1927 587 2009 reliquas
609 1946 634 1992 s.
649 1928 742 1993 Pauli
761 1928 914 2010 epistolas
934 1928 1064 2007 adesse,
1089 1925 1212 1992 inficias
1226 1927 1267 1992 iri
1282 1927 1410 2009 nequir
1455 1988 1459 1997 .

180 2014 343 2080 invenitur
357 2013 488 2078 enimin
503 2032 542 2078 ea
562 2013 728 2094 diligentia
749 2015 908 2095 quaedam
931 2017 964 2077 et
986 2013 1146 2095 elegantia
1168 2017 1351 2077 structurae
1377 2017 1411 2077 et

182 2099 344 2182 oratorius
359 2098 514 2164 sermonis
528 2098 668 2179 habitus,
683 2117 747 2181 quo
762 2099 903 2179 reliquas
918 2102 1051 2178 superat
1062 2097 1155 2162 Pauli
1170 2097 1337 2178 epistolas,
1351 2115 1411 2163 nec

182 2186 301 2249 desunt
314 2183 470 2248 formulae
483 2182 640 2264 Apostolo
654 2184 729 2248 huic
743 2183 824 2248 ahas
838 2184 1027 2264 inusitatae,
1055 2188 1088 2246 et
1108 2182 1197 2247 hisce
1218 2186 1325 2247 motus
1341 2182 1411 2264 jam

182 2270 339 2350 Origenes
353 2268 518 2349 professus
534 2274 599 2333 est:
624 2267 800 2333 Sententiae
814 2283 886 2333 sara
899 2267 1014 2348 Pauli,
1034 2269 1107 2352 anab
1127 2279 1230 2331 antem
1250 2267 1412 2416 cangrense
1482 2317 1485 2324 .

182 2355 363 2440 annalem,
384 2353 474 2417 Deae
487 2353 556 2416 aab.
600 2352 663 2418 Ast
676 2372 716 2418 ne
730 2355 810 2419 haec
825 2355 955 2434 quidem
970 2352 1112 2432 obstant,
1134 2352 1303 2433 quominus
1346 2351 1412 2418 auli

181 2437 332 2521 Apostoli
345 2456 426 2519 opus
441 2438 615 2518 habeatur,
630 2439 802 2504 dummodo
817 2439 925 2504 adsint
939 2438 1028 2524 alia„
1038 2455 1122 2520 quae
1136 2437 1211 2502 huic
1232 2438 1411 2503 sententiae

181 2523 433 2606 patrocinentur.
478 2523 560 2604 Styli
585 2524 670 2588 enim
694 2524 865 2590 diversitas
891 2523 1083 2604 explicetur,
1114 2523 1142 2588 si
1168 2519 1201 2609 a)
1230 2523 1411 2604 perpendas

182 2609 290 2691 operis
306 2608 539 2688 characterem,
554 2613 668 2690 utpote
683 2610 739 2691 qui
753 2629 815 2676 non
829 2615 897 2673 tam
913 2613 963 2674 est
978 2608 1174 2689 epistolaria
1191 2627 1288 2689 quam
1302 2608 1412 2689 potius

181 2698 343 2759 tractatus
359 2693 477 2758 eruditi
490 2693 630 2758 indolem
650 2694 793 2772 exhibet3
815 2694 867 2759 vel
888 2695 915 2758 si
937 2693 970 2775 b)
993 2693 1185 2758 sententiam
1207 2693 1412 2774 amplectaris

184 2779 353 2844 Clementia
365 2779 456 2842 Alea.
472 2778 639 2858 tradentis,
656 2779 824 2858 epistolam
839 2778 920 2843 hanc
934 2795 954 2842 a
968 2776 1070 2842 Paulo
1084 2778 1234 2842 hebraice
1248 2778 1412 2858 scriptam,

182 2865 223 2929 ab
239 2863 304 2928 alio
320 2867 429 2928 autem
442 2862 476 2927 in
490 2863 627 2944 gratiam
642 2862 839 2927 Graecorum
852 2863 885 2927 in
899 2863 1041 2944 linguam
1055 2879 1206 2943 graecam
1221 2879 1292 2926 esse
1306 2866 1412 2927 trans-

181 2949 299 3027 latam;
325 2948 377 3012 vel
396 2949 424 3013 si
445 2948 473 3029 a)
494 2953 691 3027 statuamus,
716 2946 860 3012 libellum
881 2949 965 3012 hunc
979 2947 1105 3012 volente
1120 2951 1177 3010 aut
1191 2946 1363 3012 mandante
1379 2951 1412 3011 et

182 3033 343 3115 dirigente
362 3032 518 3113 Apostolo
540 3050 611 3097 csse
633 3038 799 3098 exaratum
821 3033 1001 3114 aquodam
1023 3032 1107 3111 viro,
1134 3031 1190 3113 qui
1205 3049 1230 3095 s.
1245 3029 1339 3094 Pauli
1353 3050 1412 3113 per

182 3119 309 3199 longius
331 3123 460 3198 tempus
479 3135 585 3181 comes
607 3122 640 3182 et
660 3118 790 3198 adjutor
810 3116 933 3195 fuerat,
961 3122 994 3182 et
1016 3135 1034 3182 e
1055 3115 1185 3197 puhhca
1210 3115 1412 3181 institutione

184 3203 330 3284 ejusdem
352 3220 410 3266 nec
431 3220 494 3265 non
516 3220 534 3266 e
553 3201 688 3282 privatis
704 3201 869 3283 colloquiis
884 3201 975 3266 ideas
988 3201 1137 3282 Apostoli
1150 3201 1252 3282 probe
1268 3201 1412 3283 cognitas

182 3288 305 3352 habuit.
349 3287 457 3351 Etiam
471 3285 531 3351 hoc
545 3286 578 3350 in
593 3305 669 3350 casu
685 3287 830 3367 epistola,
848 3287 939 3368 cujus
956 3287 1125 3352 materiam
1139 3285 1314 3367 Apostolus
1337 3304 1413 3366 sup-

182 3372 379 3453 peditasset,
406 3376 439 3436 et
461 3389 558 3452 quam
577 3391 637 3452 per
658 3371 756 3435 alium
778 3372 875 3437 scribi
896 3370 1051 3437 voluisset
1073 3377 1107 3436 et
1128 3372 1281 3451 scriptam
1296 3389 1413 3451 appro-

182 3457 312 3534 basset,
339 3461 427 3522 recte
448 3456 610 3521 diceretur
631 3456 781 3535 Paulina,
809 3457 947 3522 stratio
970 3455 1044 3537 styli
1065 3456 1262 3521 diversitatis
1287 3455 1413 3536 perspi-

181 3545 320 3609 ceretur.
1214 3573 1217 3580 ·

270 3627 323 3689 Ad
338 3628 367 3691 3.
389 3624 556 3706 Epistolae
570 3624 649 3688 taha
663 3625 777 3703 inesse,
793 3643 876 3705 quae
892 3623 1023 3690 aPaulo
1040 3624 1137 3690 scribi
1148 3644 1211 3689 non
1221 3625 1413 3706 potuissent,

183 3712 307 3777 frustra
322 3711 493 3789 asseritur,
515 3729 589 3774 nam
605 3709 632 3773 si
646 3707 767 3773 Paulus
782 3709 824 3772 ad
839 3709 909 3774 Gal.
927 3711 961 3789 1,
978 3710 1027 3773 12.
1043 3728 1135 3774 suam
1151 3710 1316 3775 doctrinae
1331 3711 1415 3776 chri-

186 3798 313 3861 stianae
335 3795 548 3875 cognitionem
573 3813 635 3858 non
659 3794 823 3858 hominum
848 3794 1056 3874 institutioni,
1084 3795 1143 3859 sed
1166 3794 1287 3859 Christi
1312 3795 1415 3876 ipsius

184 3880 374 3946 revelationi
396 3879 525 3958 tribuit,
551 3883 665 3943 auctor
685 3883 793 3942 autem
816 3879 972 3959 epistolae
994 3880 1035 3944 ad
1057 3879 1156 3944 Hebr.
1179 3880 1215 3960 2,
1232 3881 1261 3945 3.
1282 3897 1353 3945 sese
1374 3881 1415 3945 iis

185 3967 394 4044 adnumerat,
419 3965 452 4028 in
473 3964 590 4044 quibus
613 3963 758 4028 doctrina
778 3962 945 4029 salutifera
967 3963 1153 4029 confirmata
1170 3963 1335 4032 essetbnb
1349 3967 1416 4031 τῶν

187 4050 409 4130 ἀκουσάντων,
436 4049 476 4113 ab
492 4048 686 4113 immediatis
703 4047 823 4113 Christi
849 4049 1065 4114 auditoribus:
1093 4049 1328 4114 observandum
1355 4053 1414 4129 est,

186 4133 461 4200 confirmationem
476 4133 640 4197 doctrinae
662 4132 854 4199 christianae
876 4151 896 4198 a
915 4134 1054 4199 testibus
1075 4134 1269 4200 immediatis
1291 4132 1415 4215 profec-

186 4226 255 4285 tam
289 4238 352 4284 non
384 4217 551 4283 excludere
578 4218 812 4282 institutionem
841 4218 1024 4284 immediate
1053 4219 1209 4298 divinam;
1245 4224 1416 4299 praeterea
1496 4237 1499 4245 ·

186 4309 303 4369 auctor
327 4324 356 4367 v.
379 4303 408 4366 3.
433 4303 695 4368 communicative
719 4301 808 4382 loqui
832 4303 951 4384 pergit,
978 4308 1015 4368 ut
1040 4323 1068 4368 v.
1092 4307 1118 4368 1.
1141 4309 1300 4384 coeperat.
1321 4339 1365 4348 —
1385 4305 1415 4384 6,

187 4389 282 4453 4-8.
292 4408 355 4454 non
363 4387 517 4453 contineri
532 4387 710 4450 doctrinam
720 4406 740 4451 a
751 4387 924 4451 christiana
934 4388 1167 4468 abhorrentem,
1183 4388 1278 4454 docet
1288 4388 1416 4454 collatio

189 4493 261 4538 cum
277 4475 335 4538 Mt.
353 4473 403 4551 12,
419 4473 469 4536 31.
485 4474 537 4537 32.
557 4472 581 4534 Ι.
598 4471 648 4535 Jo.
663 4471 693 4550 5,
711 4472 760 4535 16.
783 4472 823 4536 ΙΙ.
839 4473 925 4537 Petr.
940 4476 970 4552 2,
986 4473 1036 4537 21.
1052 4473 1091 4537 al.
1107 4509 1146 4516 —
1165 4473 1259 4549 Quod
1278 4474 1417 4557 denique

188 4558 307 4624 attinet
320 4559 350 4637 9,
368 4557 476 4636 1-4.,
493 4555 690 4622 enumeratio
706 4574 829 4636 eorum,
845 4558 974 4638 quaein
989 4558 1188 4623 Judaeorum
1203 4559 1344 4624 sacrario
1360 4561 1416 4625 ad·

1161 4656 1213 4710 19*
