3314 5166
764 328 831 334 -
877 291 937 356 148

296 477 406 524 earum
421 459 614 526 ordinariam
629 465 662 527 11
677 467 764 528 11111
780 461 938 544 cognitam
953 467 1095 544 superat,
1111 466 1144 528 et
1158 467 1266 528 tamen
1281 461 1425 542 edicitur,
1441 462 1520 544 quin

295 544 359 609 aha
373 551 508 611 naturae
522 547 570 612 vis
586 545 747 612 ordinaria
761 547 968 628 adhibeatur,
988 553 1123 614 naturae
1137 548 1377 630 phaenomenon
1392 548 1519 612 ordina-

293 630 377 695 riuln
391 631 503 698 haberi
513 633 581 714 jam
596 652 615 697 a
630 633 754 698 nemine
768 634 880 714 possit.
925 634 977 699 Sic
998 653 1026 698 v.
1049 654 1078 716 g.
1102 633 1129 699 si
1152 633 1287 699 exclusis
1309 633 1381 698 aliis
1403 633 1519 698 mediis

293 716 432 797 physicis
449 723 481 783 et
496 719 664 784 ordinariis
680 719 747 784 solo
762 719 935 785 voluntatis
951 720 1080 784 decreto
1102 724 1134 784 et
1154 738 1232 785 voce
1253 719 1391 783 humana
1412 718 1519 800 lepro-

294 820 365 866 sum
380 808 436 867 aut
450 803 661 886 paralyticum
676 805 808 878 sanitati
822 809 953 886 repente
968 806 1169 885 restitutum,
1193 809 1250 870 aut
1263 808 1438 885 mortuum,
1462 806 1520 887 qui

289 888 357 968 Jam
371 889 403 953 in
418 890 620 970 putredinem
634 891 768 971 abierat,
783 891 816 955 in
829 891 928 955 vitam
943 896 1143 970 revocatum,
1158 895 1216 955 aut
1230 889 1327 954 maris
1342 895 1518 971 tempesta-

292 979 358 1038 tem
387 975 532 1041 sedatam
561 977 634 1057 quis
655 977 780 1041 videat:
813 974 906 1042 facile
930 976 1100 1060 intelliget,
1129 977 1190 1042 etsi
1216 975 1355 1040 omnium
1380 981 1518 1041 naturae

291 1057 398 1140 legum
412 1079 451 1126 ac
464 1062 579 1126 vinum
594 1081 656 1128 non
670 1061 789 1126 habeat
804 1061 1030 1144 cognitionem,
1056 1063 1171 1128 adesse
1190 1059 1242 1126 hic
1262 1067 1425 1142 eventum,
1451 1061 1518 1126 vim

290 1145 377 1234 vocis
391 1146 549 1212 humanae
563 1148 657 1230 longe
671 1151 884 1231 superantem,
899 1148 919 1212 i.
936 1167 962 1214 e.
977 1147 1174 1213 miraculum.
1212 1146 1302 1211 Talia
1316 1152 1425 1212 autem
1440 1153 1519 1212 sunt

291 1231 460 1313 miracula,
477 1251 561 1314 quae
575 1233 608 1298 in
621 1231 660 1298 N.
677 1234 711 1298 T.
727 1238 913 1314 narrantur;
936 1234 1070 1314 proinde
1083 1231 1231 1315 Apostoli
1245 1232 1308 1297 11111
1323 1233 1385 1297 rite
1401 1250 1518 1314 cogno·

291 1317 417 1382 scandis
430 1318 538 1384 idonei
548 1318 688 1384 habendi
702 1327 786 1401 sunt,
801 1319 877 1386 licet
892 1319 1044 1386 scientiae
1054 1319 1205 1401 physicae
1217 1319 1360 1399 artisque
1371 1319 1517 1384 medicae

291 1402 440 1468 destituti
456 1409 563 1470 essent
578 1405 766 1487 cognitione.
925 1475 930 1484 ,

378 1487 523 1574 Objeetio.
557 1490 686 1571 Verum,
702 1491 826 1571 dicunt,
843 1489 968 1556 etiamsi
984 1490 1244 1569 concederemus,
1259 1488 1432 1569 Apostolqs
1447 1508 1513 1554 non

291 1573 439 1639 obstante
455 1575 642 1641 eruditionis
657 1576 820 1659 amphoris
836 1576 964 1642 defectu
977 1575 1116 1657 impares
1130 1595 1193 1640 non
1207 1573 1304 1639 1111111
1323 1573 1447 1656 justum
1470 1574 1513 1640 de

289 1658 382 1725 factis
399 1659 518 1726 Christi
528 1661 685 1744 judicium
699 1661 843 1741 ferendo,
864 1662 925 1726 hac
939 1662 972 1727 in
987 1681 1022 1727 re
1037 1666 1144 1727 tamen
1166 1658 1423 1741 impediebantur
1444 1678 1514 1726 cer-

289 1745 414 1811 tissima
428 1747 644 1829 persuasione,
661 1767 733 1813 eum
750 1767 820 1813 esse
835 1747 994 1813 Messiam.
1018 1747 1145 1813 Etenim
1160 1745 1355 1827 reliquorum
1370 1745 1514 1811 ludaeo-

287 1849 359 1896 rum
373 1832 476 1898 instar
490 1834 642 1899 Messium
657 1834 770 1915 alium,
793 1833 855 1899 nisi
868 1833 1030 1898 miraculis
1046 1833 1166 1898 clarum
1185 1831 1246 1896 sibi
1267 1835 1514 1914 repraesentare

286 1937 350 1983 non
362 1924 527 2000 poterant,
554 1919 651 1987 11111
665 1920 737 1986 ideo
754 1938 773 1984 1
787 1919 867 1985 Jesu
882 1919 1001 2001 ubique
1022 1917 1175 1984 miracula
1198 1916 1443 1998 exspectabant,
1469 1919 1514 1982 ad

287 2003 412 2085 singula
435 2005 619 2087 quorumvis
640 2010 811 2071 eventuum
832 2005 999 2088 adjuncta,
1025 2024 1108 2086 quae
1133 2003 1313 2070 naturalem
1338 2003 1514 2068 eorundem

285 2088 425 2154 indolem
439 2090 705 2172 manifestassent,
719 2092 807 2156 haud
822 2091 901 2156 satis
913 2091 1130 2171 attendebant,
1147 2095 1179 2156 et
1190 2088 1360 2170 phantasia
1372 2089 1514 2154 excitata

287 2173 391 2240 delusi
404 2176 514 2242 videre
527 2177 699 2258 putabant,
723 2195 806 2258 quae
820 2196 953 2261 prorsus
967 2197 1044 2257 non,
1064 2181 1122 2240 aut
1136 2175 1214 2256 alio,
1237 2193 1275 2241 ac
1290 2192 1353 2256 quo
1368 2179 1512 2256 narrant,

286 2263 319 2324 11
334 2259 463 2341 quidem
478 2262 638 2328 ordinario
653 2262 856 2344 naturahque
871 2268 944 2328 acta
959 2269 1050 2328 erant
1064 2262 1167 2327 modo.

369 2347 465 2431 Resp.
489 2346 510 2412 J
511 2366 601 2413 esum
615 2348 656 2412 ab
667 2348 831 2429 Apostolis
842 2349 994 2414 Messiam
1003 2347 1149 2414 habitum
1161 2365 1240 2427 esse,
1255 2363 1366 2411 verum
1376 2344 1509 2426 quidem

285 2435 351 2512 est;
372 2436 425 2497 ast
439 2438 508 2497 tum
523 2434 651 2499 demum
664 2432 745 2500 fides
762 2453 872 2499 eorum
885 2433 977 2500 firma
992 2433 1107 2516 evasit,
1129 2451 1227 2515 quum
1241 2450 1300 2513 per
1314 2429 1508 2497 manifestis·

284 2517 365 2584 sima
379 2517 533 2584 miracrda
548 2538 583 2585 se
598 2520 695 2585 talem
716 2519 927 2601 exhibuisset;
949 2521 1012 2586 imo
1032 2539 1072 2587 111
1095 2520 1167 2586 dein
1190 2518 1319 2600 quidem
1332 2517 1510 2599 Apostolos

283 2603 437 2668 miracula
452 2623 579 2686 semper
594 2609 626 2670 11
640 2605 760 2687 ubique
775 2611 992 2687 exspectasse,
1016 2625 1033 2672 1
1047 2605 1193 2689 pluribus
1207 2604 1247 2669 N.
1263 2603 1298 2668 T.
1313 2603 1391 2668 locis
1406 2607 1509 2685 patet.

284 2688 406 2766 Quodsi
429 2690 513 2756 enim
533 2691 632 2758 hacce
653 2692 861 2774 persuasione
881 2692 1052 2774 phantasia
1074 2710 1184 2758 eorum
1198 2690 1279 2755 adeo
1293 2687 1409 2754 luisset
1424 2690 1509 2754 exci-

282 2779 364 2856 tata,
388 2781 425 2841 ut
444 2777 557 2858 quavis
579 2777 745 2844 occasione
760 2778 837 2843 data
852 2797 872 2843 1
887 2778 1014 2844 Christo
1030 2775 1183 2842 miracula
1197 2775 1321 2858 patrari
1336 2781 1508 2856 cuperent:

281 2866 368 2927 certe
382 2867 458 2943 post
471 2863 608 2944 primam
622 2862 710 2928 1111111
723 2864 809 2930 1000
823 2865 964 2930 virorum
979 2864 1169 2930 cibationem
1184 2861 1256 2943 (Mt.
1270 2861 1378 2943 14,15.
1391 2861 1507 2944 seqq),

280 2965 379 3028 quum
399 2948 563 3014 hominum
587 2950 804 3031 praesentium
829 2950 925 3015 turba
951 2949 1062 3016 eaidem
1087 2948 1149 3014 cibi
1173 2947 1308 3030 penurie
1331 2946 1507 3028 laboraret,

278 3032 391 3099 Jesum
410 3034 532 3100 hortati
555 3042 678 3117 essent,
698 3041 736 3100 ut
756 3035 945 3102 miraculum
966 3036 1000 3100 in
1020 3035 1157 3117 panibus
1171 3032 1390 3115 multiplicatis
1406 3031 1505 3099 semel

274 3118 342 3200 jam
358 3119 479 3185 editum
493 3125 672 3201 repeteret3
688 3126 813 3186 tantum
827 3141 902 3187 vero
918 3122 1018 3202 abest,
1033 3126 1070 3185 ut
1085 3120 1241 3203 ejusmodi
1254 3122 1423 3184 uterentur
1438 3137 1504 3185 mo-

277 3205 354 3286 nito,
370 3209 407 3269 ut
421 3205 530 3288 potius
545 3205 635 3272 dubii
648 3207 856 3288 haesitarent,
871 3209 956 3280 unde
970 3208 1003 3272 in
1018 3206 1190 3272 sohtudine
1204 3210 1255 3271 tot
1269 3204 1414 3286 conquiri
1428 3223 1504 3286 pos-

276 3296 348 3358 sent
369 3309 485 3374 panes,
512 3292 568 3373 qui
590 3297 701 3358 tantae
721 3293 919 3358 multitudini
940 3293 1134 3358 saturandae
1157 3290 1347 3358 sufficerent.
1393 3290 1503 3368 Quid?

277 3379 363 3458 quod
378 3377 482 3444 serius
498 3378 603 3444 adhuc
618 3378 722 3444 eidem
742 3378 947 3451 sollicitudini
968 3379 1184 3461 indulserunt,
1207 3397 1279 3445 cum
1301 3377 1373 3458 (Mt.
1390 3377 1449 3458 16,
1472 3377 1501 3441 5.

276 3463 379 3546 seqq.)
393 3463 467 3530 lacu
482 3462 683 3531 Genezarcth
703 3465 839 3547 traJecto
859 3464 900 3530 ob
922 3464 1021 3532 verba
1042 3464 1178 3530 Christi:
1213 3461 1354 3546 „cavea
1373 3463 1461 3526 vobio
1482 3485 1502 3525 a

271 3546 425 3628 fermento
439 3549 687 3614 Pharisaeorum
701 3564 729 3614 et
744 3548 1000 3616 Sadducaeorum
1015 3551 1243 3632 existimarent,
1261 3567 1296 3615 se
1310 3568 1331 3615 a
1344 3547 1502 3631 magistro

274 3634 383 3714 argui,
410 3636 497 3716 quod
517 3655 617 3718 panes
638 3654 746 3702 secum
766 3655 893 3702 sumere
915 3636 1006 3703 obliti
1026 3637 1087 3702 hac
1107 3656 1143 3703 re
1165 3635 1228 3703 cibi
1247 3634 1416 3718 penuriam
1439 3633 1501 3700 sibi

273 3726 451 3798 parassent.
478 3721 707 3788 Miraculorum
721 3723 802 3788 adeo
818 3723 904 3788 avidi
919 3728 1006 3788 certe
1019 3723 1101 3788 hanc
1115 3741 1178 3789 non
1193 3721 1399 3787 admisissent
1413 3719 1499 3786 solli-

275 3802 457 3885 citudinem,
471 3825 575 3889 neque
589 3809 632 3874 ad
646 3807 821 3874 vanitatem
837 3809 980 3890 ejusdem
995 3808 1224 3875 ostendendam
1238 3805 1415 3873 necessitas
1427 3811 1499 3871 orta

274 3893 361 3956 esset
373 3889 510 3971 Christo,
526 3894 685 3976 duphcem
697 3894 809 3976 populi
824 3894 1014 3960 cibationem
1028 3893 1251 3960 miraculosam
1265 3893 1298 3957 in
1312 3892 1497 3958 memoriam

272 3975 451 4042 revocandi.
503 3977 605 4044 Iidem
626 3979 774 4061 Apostoli
795 3984 891 4046 noctu
912 3979 1017 4045 lacum
1040 3980 1219 4046 Tiberiadis
1241 3979 1438 4061 trajicientes
1460 3995 1497 4044 ac
1590 3989 1597 4008 ’

270 4061 451 4143 periculosa
465 4062 668 4146 navigatione
683 4071 820 4146 utentes
836 4083 934 4146 quum
949 4071 1065 4147 quarta
1076 4065 1179 4132 noctis
1197 4065 1305 4148 vigilia
1325 4065 1493 4146 quemdam

271 4148 365 4214 undis
380 4147 630 4216 inambulantem
645 4151 880 4233 conspicerent,
904 4151 944 4215 de
959 4156 1085 4234 spectro
1099 4151 1223 4234 potius,
1246 4169 1343 4232 quam
1362 4150 1403 4216 de
1417 4150 1438 4216 J
1440 4166 1492 4214 esu

271 4234 460 4304 adveniente
476 4235 658 4317 cogitaumt
672 4235 743 4317 (Mt.
761 4237 810 4316 14,
826 4238 876 4302 23.
893 4237 1009 4319 seqq),
1026 4239 1112 4318 quod
1126 4235 1196 4314 fieri
1210 4236 1262 4302 vix
1277 4235 1450 4319 potuisset,
1466 4233 1490 4298 si

270 4336 397 4402 semper
413 4325 445 4388 11
459 4320 579 4404 ubique
593 4321 747 4388 miracula
761 4341 781 4387 a
797 4321 924 4388 0111111
938 4323 1097 4403 patranda
1119 4325 1374 4404 exspectassent,
1396 4321 1489 4402 idque

271 4423 308 4470 11
330 4406 450 4487 minus,
474 4425 546 4472 cum
561 4407 582 4473 J
584 4425 641 4474 esu
661 4407 731 4490 ipso
754 4413 886 4473 auctore
907 4426 996 4476 mare
1011 4407 1174 4475 Galilaeae
1188 4413 1285 4474 noctu
1299 4407 1488 4489 trajicerent,

270 4495 304 4555 11
319 4509 389 4556 cum
404 4497 479 4558 ante
493 4511 614 4574 paucas
629 4494 725 4559 horas
741 4493 826 4559 5000
840 4493 980 4559 virorum
995 4493 1135 4576 quinque
1156 4494 1293 4576 panibus
1315 4498 1349 4559 et
1367 4492 1487 4558 duobus

253 4575 410 4657 'piscibus
425 4579 466 4644 ab
483 4597 519 4643 eo
536 4584 684 4646 saturata
700 4597 770 4646 csse
785 4579 948 4645 vidissent.
982 4581 1021 4645 ld
1035 4580 1140 4662 ipsum
1156 4579 1293 4646 1111111
1315 4585 1393 4646 nota
1406 4580 1487 4660 Apo-
