3364 5156
761 277 830 286 —-
872 241 936 304 216
980 277 1046 283 —-

290 413 398 492 Quare
413 413 535 478 Paulus
549 413 609 494 Ap.
625 416 751 478 mature
762 411 830 492 Jam
845 411 1052 492 conqueritur
1066 410 1107 474 de
1120 409 1323 490 quibusdam,
1338 408 1395 490 qui
1405 409 1516 491 „iuteo

290 497 536 583 dercmfabala'a
551 512 580 562 et
605 497 783 598 ‘molegica
797 496 1021 596 imermrbatva,
1045 496 1341 644 qimfflmffl
1400 507 1518 558 cenant

289 580 1040 752 castrametantem
1052 579 1518 749 ttm.,ratst
1604 699 1609 716 .

290 777 312 816 a
341 753 468 816 amant‘
497 751 536 833 (Ι.
552 752 632 817 Tim.
650 754 684 831 1,
711 751 844 833 3-7.),
871 755 905 817 et
928 749 1105 832 Apostolus
1129 750 1355 816 necessitatem
1380 749 1518 832 agnovit,

290 839 448 920 quosdam
466 857 638 919 perversae
657 837 754 919 hujns
773 836 938 904 doctrinae
957 835 1099 902 asseclas
1120 836 1257 902 maxime
1275 836 1416 901 audaces
1437 848 1518 918 „rra-

293 923 367 988 derc
380 936 522 1004 adanae,
537 938 572 988 ut
587 923 714 986 driccam
727 944 789 986 non
804 921 1042 1006 blasphemare“
1057 921 1096 1001 (Ι.
1112 921 1192 986 Tim.
1210 922 1238 1001 l,
1255 921 1304 984 19.
1320 920 1395 1002 20).
1441 919 1520 984 Cum

293 1007 469 1090 Apostolus
484 1008 590 1075 Mileti
604 1008 803 1090 presbyteris
813 1007 984 1089 Ephesinis
998 1007 1202 1086 valediceret,
1217 1005 1369 1088 pericula,
1385 1023 1470 1085 quae
1484 1024 1520 1070 ex

292 1092 447 1159 falsorum
463 1094 632 1160 doctorum
648 1093 815 1159 conatibus
836 1092 1038 1158 imminerent
1060 1092 1229 1171 ecclesiae,
1257 1091 1343 1156 clare
1362 1090 1521 1171 praedixit

289 1178 373 1258 (Act.
390 1181 441 1259 20,
458 1179 618 1261 att—31).
641 1178 842 1260 Exepistolis
850 1177 1169 1258 PauliadEphesios,
1181 1177 1224 1242 ad
1233 1176 1440 1242 Colossenses
1457 1179 1521 1240 ete

250 1279 253 1285 ·
292 1264 334 1327 Il.
350 1266 392 1329 ad
407 1264 609 1329 Timotheum
625 1266 745 1330 Romae
761 1263 899 1345 scriptia,
915 1282 933 1328 e
948 1264 989 1327 11.
1001 1263 1091 1328 Petri
1106 1261 1243 1343 epistola
1257 1265 1291 1328 et
1302 1281 1340 1327 ex
1350 1261 1406 1326 illa
1416 1261 1438 1326 J
1438 1261 1521 1325 udae

291 1349 478 1414 ulteriorem
504 1349 710 1415 Gnosticismi
734 1367 958 1431 progressum,
984 1349 1052 1414 sive
1076 1348 1256 1412 doctrinam
1282 1353 1424 1428 specteS,
1456 1346 1522 1410 sive

292 1435 406 1514 vitam,
428 1434 514 1499 clare
535 1435 751 1516 intelligimus.
787 1434 935 1515 Denique
950 1453 974 1498 s.
990 1433 1111 1498 Paulus
1125 1433 1350 1499 necessitatem
1366 1431 1522 1512 cognovit,

294 1538 374 1584 suae
396 1519 438 1583 ad
460 1520 620 1586 Romanos
643 1520 798 1602 epistolae
819 1538 845 1585 c.
861 1520 976 1583 9-11.
998 1518 1199 1585 theodiceam
1217 1518 1378 1583 inserendi
1398 1517 1523 1581 ratione

295 1604 408 1669 habita
420 1604 640 1686 phaenomeni,
655 1606 743 1687 quod
757 1605 850 1671 multi
864 1605 994 1686 quidem
1009 1605 1207 1670 ethnicorum
1221 1601 1438 1668 adChristum
1451 1620 1524 1666 con·

294 1696 513 1770 verterentur,
539 1691 634 1772 pauci
655 1710 732 1756 vero
747 1692 962 1769 ludaeorum,
988 1689 1106 1771 quibus
1128 1695 1236 1754 tamen
1258 1689 1346 1754 salus
1363 1687 1524 1752 messiane

291 1775 436 1857 proxime
451 1781 538 1841 esset
553 1776 715 1842 destinata
731 1782 765 1842 et
779 1776 946 1858 promissa.
990 1775 1165 1858 Apostolus
1180 1774 1291 1856 procul
1307 1774 1405 1838 dubio
1428 1791 1524 1854 expe

215 1871 218 1877 '
292 1860 407 1926 rientia
423 1862 556 1926 edoctus
572 1861 703 1941 sciebat,
718 1862 798 1926 illud
813 1861 1054 1943 phaenomenon
1069 1860 1189 1941 ubique
1203 1860 1345 1925 locorum
1357 1877 1377 1922 a
1388 1857 1523 1923 ludaeis

291 1946 464 2010 incredulis
480 1947 598 2028 opponi
613 1948 828 2027 credentibus,
844 1953 877 2012 et
891 1946 934 2011 ad
948 1947 1062 2011 horum
1073 1945 1170 2011 fidem
1181 1944 1439 2010 labefactandam
1453 1962 1524 2008 esse

291 2031 450 2096 idoneum.
483 2031 567 2096 Hinc
582 2033 698 2097 mirum
713 2053 775 2098 non
791 2037 856 2112 est,
873 2033 901 2097 si
916 2032 1014 2097 etiam
1028 2032 1061 2096 in
1075 2031 1154 2096 Asia
1169 2031 1291 2096 minore
1305 2049 1368 2095 non
1389 2029 1524 2093 deerant

293 2116 481 2197 Christiani,
508 2137 645 2199 quorum
664 2117 746 2183 fides
765 2119 798 2183 in
817 2118 1010 2186 messianam
1032 2117 1113 2184 Jesu
1133 2117 1322 2198 dignitatem
1344 2114 1524 2196 obJectione

292 2201 348 2267 illa
363 2211 450 2266 esset
464 2201 638 2283 infirmata,
659 2204 756 2284 idque
772 2223 810 2268 eo
825 2204 944 2284 magis,
961 2221 1033 2267 cum
1049 2208 1254 2284 exspectatus
1271 2201 1391 2266 Christi
1406 2200 1525 2264 adveu-

224 2289 226 2296 ’
293 2291 347 2352 tus
362 2287 500 2351 salutem
515 2287 662 2352 adferens
677 2289 969 2369 procrastinaretur
983 2287 1053 2368 (cfr.
1068 2288 1109 2353 ΙΙ.
1125 2287 1216 2352 Petri
1229 2289 1259 2366 3,
1274 2288 1305 2351 3.
1320 2286 1434 2367 sequ).
1531 2331 1534 2338 ·

380 2371 450 2437 Hos
464 2373 575 2453 itaque
590 2379 623 2438 et
638 2374 757 2439 similes
772 2393 898 2440 errores
914 2393 938 2438 a.
953 2374 1096 2439 loannes
1110 2374 1143 2438 in
1157 2372 1255 2437 Asiae
1274 2371 1405 2436 minoris
1425 2371 1525 2436 eccle

293 2457 350 2522 siis
365 2457 501 2537 invenit,
514 2520 517 2524 ,
529 2463 562 2522 et
577 2459 698 2524 eisdem
711 2480 774 2525 non
789 2465 914 2524 tanturn
930 2478 986 2524 ore
1008 2459 1166 2537 docendo,
1193 2459 1251 2523 sed
1274 2458 1372 2523 etiam
1394 2456 1526 2537 scriptis

294 2543 361 2607 suis
384 2542 511 2607 obviam
532 2544 592 2624 ire,
620 2549 718 2625 atque
743 2544 855 2610 fideles
881 2564 901 2609 a
927 2545 1126 2626 contagionis
1151 2543 1293 2625 perierdo
1318 2543 1525 2623 praemunire

294 2627 409 2707 voluit,
435 2646 507 2692 cum
526 2629 564 2703 in,
582 2631 745 2712 evangelio
769 2650 827 2696 suo
848 2635 881 2695 et
902 2630 936 2694 in
957 2630 981 2694 Ι.
1005 2649 1054 2710 ep.
1077 2628 1161 2709 (coll.
1182 2629 1213 2709 5,
1239 2628 1302 2710 13.)
1323 2628 1524 2693 ostenderet:

293 2713 402 2777 Jcsa'm
423 2736 487 2776 case
511 2713 684 2795 Ofirabtum,
706 2715 774 2779 Dei
791 2715 929 2795 Filiam,
952 2727 980 2779 et
995 2738 1057 2799 per
1077 2715 1160 2778 hane
1175 2714 1271 2796 fidem
1291 2715 1388 2776 vatam
1404 2713 1529 2796 parara'

293 2811 462 2861 aetenam.
506 2799 589 2865 Hinc
612 2819 636 2866 s.
659 2801 800 2868 loannes
823 2800 979 2866 indirecte
1003 2800 1204 2882 impugnavit
1227 2818 1298 2880 eos,
1325 2799 1382 2879 qui
1403 2799 1438 2878 a)
1462 2815 1525 2862 non

293 2884 314 2948 J
316 2902 420 2965 esum,
443 2885 501 2950 sed
516 2885 537 2949 J
539 2904 673 2951 oannem
687 2887 723 2950 Β.
739 2887 902 2953 habebant
916 2886 1082 2964 Messiam,
1105 2886 1160 2966 qui
1176 2886 1206 2968 b)
1222 2905 1285 2952 non
1299 2884 1472 2966 genuinam
1494 2888 1526 2947 et

293 2969 349 3051 qui
365 2966 395 3056 c)
412 2988 474 3034 non
489 2969 614 3035 firmam
628 2972 661 3035 in
676 2972 697 3036 J
699 2991 789 3036 esum
805 2971 977 3050 Christum,
992 2971 1054 3036 Dei
1069 2971 1195 3049 Filium,
1209 2971 1363 3036 tenebant
1377 2967 1486 3033 fidem.

378 3055 430 3119 Ad
445 3059 477 3130 a)
506 3055 559 3119 Ad
578 3057 716 3136 primam
735 3057 871 3121 classem
885 3057 1066 3136 hominum,
1093 3057 1284 3136 quibuscum
1298 3075 1322 3120 s.
1339 3055 1359 3118 J
1361 3054 1457 3119 oanni
1473 3071 1525 3118 res

294 3144 374 3219 erat,
389 3139 595 3221 pertinebant
609 3142 630 3206 J
631 3143 742 3207 oannis
757 3142 793 3205 Β.
810 3141 968 3222 discipuli,
984 3160 1121 3222 quorum
1137 3148 1224 3206 certe
1238 3161 1301 3208 non
1316 3158 1426 3205 omnes
1442 3140 1525 3204 adeo

293 3225 386 3306 proni
401 3230 494 3290 erant
508 3227 550 3290 ad
565 3225 662 3291 fidem
676 3227 709 3290 in
725 3226 897 3306 Christum,
912 3231 949 3290 ut
963 3227 1097 3308 Ephesii
1111 3225 1157 3291 illi
1168 3227 1239 3291 Act.
1253 3228 1312 3306 19,
1328 3225 1437 3306 potius
1452 3243 1525 3290 sen-

293 3311 403 3377 tentiis
420 3311 486 3374 suis
502 3311 658 3376 tenaciter
672 3311 884 3376 adhaerentes
901 3317 934 3376 et
949 3311 1139 3377 Christianis
1154 3312 1363 3378 adversantes
1378 3311 1411 3375 in
1426 3328 1525 3391 pecu-

293 3395 406 3462 liarem
422 3395 609 3460 coaluerunt
624 3401 745 3461 sectam
760 3416 822 3461 non
837 3415 1039 3462 numerosam
1051 3398 1190 3478 quidem,
1206 3404 1349 3462 attamen
1359 3396 1402 3460 ad
1413 3401 1525 3460 nostra

294 3499 397 3562 usque
412 3486 559 3562 tempora
574 3481 606 3545 in
622 3482 753 3547 Oriente
769 3489 1022 3547 conservatam.1
1054 3482 1222 3564 Ejusmodi
1236 3482 1369 3547 loannis
1385 3481 1525 3561 discipu·

295 3566 399 3631 lorum
414 3567 454 3631 ab
470 3566 625 3648 Apostolo
641 3567 798 3633 rationem
813 3586 885 3633 esse
898 3568 1058 3647 habitam,
1077 3569 1145 3649 J'am
1159 3567 1312 3650 prologus
1326 3568 1437 3645 docet,
1459 3565 1525 3644 ubi,

295 3669 368 3714 cum
380 3651 593 3734 ldyoaDeum,
605 3652 693 3718 vitae
703 3652 824 3718 fontem
836 3658 869 3718 et
879 3653 1043 3718 homiuum
1053 3653 1157 3718 lucem
1168 3653 1310 3733 dixisset,
1322 3654 1362 3718 de
1373 3652 1526 3733 Baptista

296 3735 475 3815 emphatice
502 3743 685 3803 asseverat:
721 3738 826 3821 „Fuit
850 3738 938 3802 homo
963 3740 1077 3802 misnae
1100 3761 1120 3799 a
1142 3738 1225 3819 Dee,
1253 3740 1308 3802 cai
1324 3759 1435 3802 nomen
1458 3747 1526 3800 crat

295 3819 445 3884 Joaanea
465 3855 508 3864 —
520 3856 564 3866 -
585 3822 659 3884 Noa
678 3835 746 3886 crat
765 3823 821 3886 tlte
843 3822 918 3902 tue,
943 3823 1000 3887 aed
1016 3836 1050 3885 at
1067 3823 1273 3886 testemonium
1288 3822 1464 3907 perfit‘berct
1487 3820 1525 3885 de

297 3902 387 3968 laee“
402 3903 438 3985 (J
439 3924 467 3970 ο.
482 3907 509 3985 1,
520 3905 645 3988 4-8.);
661 3907 831 3988 praeterea
845 3907 948 3988 ipsius
962 3908 1133 3989 Baptistae
1147 3908 1295 3989 repetitis
1309 3907 1432 3972 vicibus
1447 3905 1524 3972 alle-

295 3990 737 4157 {gffglriquvgrbAErg—sesson
748 3993 900 4059 Messiam
916 4013 987 4058 esse
1003 3994 1123 4059 diserte
1137 3992 1359 4074 profitebatur,
1375 3997 1412 4056 ut
1429 3997 1456 4071 l,
1472 3993 1524 4056 20.

380 4162 433 4226 Ad
449 4160 481 4245 b)
510 4161 563 4227 Ad
586 4180 657 4242 eoa,
683 4163 739 4244 qui
759 4163 920 4228 inlesum
936 4163 1099 4228 Christum
1119 4163 1293 4229 credebant
1313 4163 1455 4244 quidem,
1482 4162 1524 4226 de

301 4299 500 4308 ——a-

367 4383 376 4414 ¹
394 4379 448 4435 Cir.
461 4379 584 4448 Norberg
602 4379 749 4433 Commeat.
767 4379 801 4434 de
818 4379 946 4448 religione
964 4385 992 4433 et
1008 4379 1100 4448 lingua
1116 4379 1279 4435 Sabaeorum
1296 4381 1325 4434 in
1342 4385 1523 4434 commentatt.

298 4461 351 4500 soc.
363 4462 418 4515 reg.
432 4449 604 4501 scientiarum
616 4448 733 4516 Gotting.
746 4463 796 4516 per
806 4463 867 4501 ann.
881 4447 956 4502 1780.
969 4447 1019 4502 vol.
1031 4449 1065 4514 3.,
1082 4454 1109 4503 et
1120 4449 1253 4518 ejusdem:
1265 4449 1356 4504 Codex
1366 4448 1393 4502 N
1393 4462 1524 4502 azaraeus

190 4535 191 4538 ¹
297 4513 384 4568 Halae
398 4516 472 4570 1815.
485 4517 600 4569 et1816.
613 4514 701 4570 3voll.
