3314 5166
590 329 853 393 -97ss

119 501 167 564 vit.
208 499 314 564 Primo
329 499 457 580 psalmi,
474 499 547 565 dein
562 498 600 563 N.
617 501 651 564 T.
668 504 701 564 et
715 498 854 580 liturgici
869 499 943 562 libri
957 501 1042 565 versi
1057 499 1178 563 suntin
1193 499 1332 584 linguam

119 585 299 664 slavicam‚l
324 593 356 648 et
379 585 420 649 ab
445 586 506 650 hoc
527 593 671 665 tempore
692 586 725 648 in
748 585 835 648 cultu
861 584 966 648 divino
992 585 1206 650 adhibebatur
1226 587 1334 670 hngua

118 671 229 752 patria,
252 671 376 735 Ioanne
391 671 477 734 VIII.
494 679 653 735 annuente
676 670 714 735 11
736 671 795 734 sub
812 669 1008 751 conditione,
1032 671 1059 736 si
1080 671 1112 735 in
1128 675 1333 738 conventibus

119 756 209 820 sacris
221 761 295 820 ante
310 755 477 820 lectionem
490 756 640 820 slavicam
654 756 816 836 legeretur
826 761 933 819 textus
946 756 1073 836 latinus,
1090 758 1121 820 in
1133 757 1248 822 ritibus
1259 778 1334 825 vero

119 842 209 906 sacris
232 842 340 922 hugua
359 842 459 906 latina
484 842 722 915 adhiberetur..²
747 877 789 884 —
815 841 927 905 Versio
953 843 1063 923 itaque
1090 843 1208 907 slavica
1233 845 1335 908 altero

112 942 199 1076 page
217 927 339 1056 1111311111
350 927 410 990 IX.
416 976 425 1007 ,
449 933 481 990 et
504 927 632 1007 quidem
656 952 670 990 e
690 940 775 990 textu
793 948 904 1012 praeco
922 925 1263 1011 Constantinopolitano
1287 937 1335 994 est

118 1030 150 1078 co
184 1020 261 1077 ecta.

673 1148 701 1229 p.
725 1149 775 1214 er.

493 1285 536 1336 10.
559 1285 671 1336 versio
685 1285 954 1347 anglosaxonica.

194 1439 471 1521 Anglosaxonibus
483 1439 595 1521 religio
607 1439 780 1505 christiana
795 1440 982 1520 praedicata
993 1447 1043 1504 cst
1054 1461 1112 1521 per
1122 1442 1336 1524 Augustinum

117 1524 253 1606 altosque
276 1525 406 1589 Ordinis
430 1544 453 1589 s.
476 1526 643 1590 Benedicti
667 1526 809 1606 sodales,
836 1545 855 1589 a
879 1525 1034 1608 Gregorio
1058 1528 1099 1591 M.
1123 1547 1204 1592 saec.
1227 1528 1281 1592 VI.
1304 1529 1336 1592 in

116 1609 256 1692 Angliam
271 1612 395 1676 missos.
429 1611 507 1687 Quis
523 1618 630 1676 autem
645 1612 822 1677 versionem
837 1612 931 1694 hujus
946 1612 1108 1678 idiomatis
1123 1614 1335 1693 adornaverit,

115 1696 265 1760 incertum
282 1703 340 1776 est,
355 1697 418 1761 imo
433 1705 542 1761 utrum
552 1698 666 1776 versio,
682 1717 765 1779 quae
780 1699 821 1762 ad
836 1717 894 1762 nos
908 1699 1063 1779 pervenit,
1079 1699 1191 1763 eadem
1207 1700 1249 1763 sit
1265 1718 1336 1763 cum

117 1782 256 1863 antiqua,
280 1782 385 1846 adhuc
405 1783 579 1847 dubitatur.
624 1783 660 1846 In
677 1803 714 1848 eo
730 1788 836 1848 tamen
851 1803 960 1848 omnes
982 1785 1196 1864 consentiunt,
1217 1785 1336 1849 versio-

117 1886 182 1931 nem
196 1869 357 2018 hanffon
372 1887 443 1932 esse
464 1869 697 1949 immediatam,
723 1869 781 1933 sed
801 1889 817 1934 e
833 1869 978 1934 versione
993 1869 1092 1934 latina
1106 1870 1336 1950 Antehierony-

118 1953 216 2018 miaua
232 1972 269 2018 co
307 1958 441 2019 cctam*

674 2089 701 2172 §-
725 2090 776 2155 oc,

401 2229 437 2293 0)
457 2229 503 2278 De
518 2229 625 2278 citatis
637 2229 772 2279 Patrum
785 2231 817 2278 11
830 2227 1047 2278 conciliorum.

194 2382 428 2463 Antiquissima
443 2388 550 2446 textus
566 2383 649 2447 sacri
664 2389 868 2448 monumenta
892 2390 966 2448 sunt
982 2384 1081 2448 citata
1095 2383 1230 2447 Patrum
1246 2402 1338 2465 grae-

119 2487 220 2532 comm
245 2487 347 2549 usquc
370 2468 411 2532 ad
434 2486 515 2532 saec.
539 2467 609 2547 IV.;
639 2488 712 2533 nam
734 2488 774 2534 ss.
798 2469 952 2534 librorum
978 2469 1126 2534 exhibent
1151 2468 1338 2551 fragmenta,

119 2571 194 2633 quae
209 2560 319 2619 aetate
333 2553 568 2618 vetustissimos
585 2555 710 2619 codices
724 2562 851 2620 nostros
870 2562 1031 2635 superant.
1075 2555 1227 2620 Attamen
1243 2555 1339 2620 etiam

120 2640 268 2704 seriorum
281 2639 415 2703 Petrum
431 2640 538 2719 citata,
555 2648 712 2720 quatenus
723 2661 798 2706 vere
813 2641 892 2705 talia
907 2647 981 2704 sunt
996 2647 1028 2705 et
1042 2661 1100 2722 per
1114 2639 1262 2705 librarios
1277 2660 1339 2706 non

120 2734 273 2808 corrupta,
289 2725 330 2789 de
345 2730 435 2790 textu
451 2731 557 2789 certae
573 2727 689 2791 aetatis
706 2732 738 2791 et
754 2727 891 2808 regionis
906 2727 1089 2790 testimonia
1105 2728 1211 2790 edunt.
1256 2727 1340 2790 Vere

120 2809 228 2876 citasse
244 2812 421 2877 censendus
438 2817 487 2875 est
499 2810 605 2893 Pater,
622 2812 649 2876 si
664 2817 786 2876 textum
802 2831 928 2877 sacrum
941 2814 1077 2892 exponit,
1094 2813 1122 2876 si
1138 2813 1239 2891 docet,
1256 2810 1307 2876 ref
1327 2846 1339 2856 -

119 2901 170 2976 tat,
184 2897 358 2980 praecipue
374 2897 401 2962 si
417 2896 513 2960 effata
528 2895 644 2961 bibhca
660 2896 757 2962 allata
778 2907 852 2961 sunt
874 2897 1032 2978 longiora,
1056 2903 1113 2960 aut
1136 2897 1163 2960 si
1178 2897 1211 2960 in
1225 2897 1338 2960 iisdem

118 2981 189 3046 locis
205 2983 377 3048 afferendis
393 3000 554 3062 nunquam
569 2983 719 3046 variatur.

199 3067 767 3150 (11111111111Ρ111111101101111,
783 3068 946 3133 rarissime
962 3073 1069 3132 textus
1081 3067 1180 3132 verba
1191 3075 1339 3131 accurate

184 3259 193 3288 ¹
210 3253 385 3324 Dobrowsky‘:
408 3253 492 3322 Oyrill
505 3254 559 3307 und
570 3252 730 3318 Methodius‚
748 3253 790 3307 die
803 3252 1012 3320 Slavenapostel.
1028 3252 1187 3320 Prag1823.

203 3323 259 3376 -Dr.
273 3321 364 3375 Ginzl:
382 3321 433 3374 Die
446 3321 647 3390 Slavenapostel
660 3321 742 3390 Cyrill
755 3323 809 3375 und
822 3322 943 3375 Methud.
962 3321 1057 3374 Leitm.
1073 3321 1147 3372 1857.

123 3441 126 3450 ,
185 3395 196 3425 ²
213 3391 270 3444 Ol'r.
282 3391 379 3443 Baron.
391 3390 511 3443 Annales
524 3391 588 3443 eccl.
601 3391 635 3443 ad
648 3405 708 3443 ann.
722 3391 780 3444 880.

183 3465 193 3496 ⁸
211 3459 323 3514 (lodices
339 3460 467 3516 versionis
485 3459 565 3527 hujus
585 3460 744 3527 superstites
763 3467 790 3513 et
806 3458 935 3513 editiones
952 3459 1112 3526 praecipuas
1128 3455 1215 3510 descri
1235 3455 1269 3509 sit
1286 3455 1340 3509 Do·

122 3525 237 3598 browsky‘
253 3529 281 3580 in
299 3528 419 3582 codicum
430 3527 463 3580 N.
477 3527 507 3580 T.
521 3528 641 3596 catalogo
653 3527 708 3593 IV.‚
727 3529 836 3582 editioni
848 3528 927 3581 alteri
939 3534 966 3580 et
978 3527 1074 3580 tertiae
1086 3471 1251 3603 Griesbaclii
1263 3539 1339 3592 prae-

122 3596 204 3650 misso.
229 3597 319 3650 Primo
332 3596 403 3650 edita
415 3603 477 3650 sunt
489 3603 602 3665 quatuor
614 3597 752 3664 evangelia
763 3597 790 3649 in
803 3597 836 3648 4ιο
850 3597 877 3649 in
890 3595 1040 3649 Wallachia
1052 3595 1132 3658 1512,
1149 3593 1254 3646 ernae
1266 3594 1340 3646 1575.

123 3670 147 3715 11
162 3665 289 3733 Mosquae
308 3665 395 3731 1614.;
419 3665 481 3718 dein
501 3666 583 3718 totius
604 3681 624 3718 s,
644 3665 792 3732 scripturae
814 3665 942 3717 editiones
963 3663 1119 3731 prodierunt
1136 3661 1237 3730 Pragae
1258 3662 1340 3728 1570„

124 3731 233 3802 Ostrogii
246 3735 321 3786 1581.
339 3733 467 3800 Mosquae
481 3735 555 3788 1663.
568 3741 595 3787 11
608 3735 682 3786 1751.

202 3803 397 3856 Recentissima
413 3809 500 3856 aetate
517 3803 589 3856 edita
607 3809 669 3856 sunt
685 3802 737 3855 duo
755 3801 951 3868 evangeliorum
970 3799 1184 3867 manuscriptae
1202 3813 1270 3853 saec.
1285 3798 1340 3863 XI,

124 3883 185 3934 quae
200 3871 234 3924 ad
247 3887 324 3924 usum
338 3871 459 3924 criticum
472 3871 580 3950 majoris
593 3878 655 3924 sunt
666 3871 800 3924 momenti.
825 3869 914 3924 Unum
926 3884 1017 3921 eorum
1033 3869 1125 3935 lingua
1141 3868 1245 3922 russica
1261 3868 1342 3921 habet

125 3937 238 3992 titulum:
251 3938 391 3992 Ostromiri
402 3939 540 4006 evangeha
552 3955 612 3992 ann.
628 3941 702 3992 11156.
716 3938 805 3992 litai:
817 3939 845 3990 in
857 3938 976 4005 margine
988 3936 1107 3990 inferiori
1120 3944 1196 3990 textu
1240 3951 1303 3988 aeco
1315 3942 1341 3988 et

125 4007 340 4074 exphcationibus
352 4008 532 4076 grammaticis
546 4015 587 4061 est
598 4009 737 4072 munitum,
750 4014 777 4060 et
789 4007 889 4060 editum
902 4021 918 4059 a
930 4005 1080 4070 Vostokow‚
1092 4006 1207 4073 Petropo
1219 4006 1228 4056 i
1242 4005 1314 4057 1813.

203 4077 327 4130 Alterum
340 4076 448 4129 titulum
461 4077 579 4130 exhibet:
600 4077 748 4145 Evangelia
760 4075 871 4140 slavica,
893 4075 987 4142 quibus
1000 4074 1062 4127 olim
1081 4075 1108 4126 in
1120 4089 1213 4143 regum
1224 4073 1341 4125 Franco·

127 4156 180 4195 rum
197 4146 255 4199 oleo
275 4161 350 4199 sacro
366 4146 580 4212 inungendorum
600 4146 752 4199 solennibus
773 4146 813 4197 uti
834 4145 936 4197 solebat
957 4143 1071 4196 ecclesia
1087 4142 1240 4204 Romanas,
1262 4139 1341 4192 vulo

128 4210 222 4274 „Teate
234 4215 271 4268 du
282 4214 387 4277 Sacre‚“
400 4213 434 4266 ad
446 4214 606 4281 exemplaris
619 4214 819 4267 similitudinem
832 4213 974 4280 descripsit
986 4217 1013 4264 et
1025 4211 1108 4264 edidit
1118 4212 1253 4272 Silvestre,
1265 4157 1341 4260 Ouli-

129 4279 166 4332 nis
178 4297 197 4336 s.
207 4283 327 4352 Gregorii
337 4283 383 4348 Μ,
397 4299 465 4335 unus
478 4298 492 4334 e
503 4282 655 4349 praefectis,
667 4283 756 4336 Lutet.
768 4282 853 4335 Paris.
868 4283 942 4334 1843.
955 4312 988 4319 -
1001 4279 1092 4333 Codex
1103 4279 1147 4332 hic
1159 4279 1230 4330 circa
1242 4292 1341 4328 annum

130 4347 197 4404 1050.
210 4353 325 4420 scriptus
335 4351 376 4405 est
386 4351 510 4404 Sazavvae
519 4351 704 4415 Bohcmorum‚
718 4351 802 4404 serius
812 4351 840 4403 in
849 4349 1039 4403 monasterium
1050 4346 1270 4400 Emmauntinum
1276 4344 1341 4396 Pra-

130 4430 173 4482 gac
186 4419 288 4474 delatus
302 4428 329 4473 ct
340 4420 453 4487 denique
466 4420 606 4473 Rhemum.
631 4420 775 4487 Utriusque
788 4419 886 4472 codicis
899 4419 963 4472 editi
975 4423 1066 4470 textus
1084 4415 1241 4482 descriptus,
1259 4427 1342 4480 penes

131 4490 265 4553 sepositus
277 4496 304 4543 11
315 4489 390 4557 prelo
403 4490 551 4543 submissus
566 4496 607 4542 est
618 4506 634 4542 a
646 4490 689 4542 W.
702 4489 799 4540 Hanka
811 4488 913 4556 Pragae
926 4487 1000 4539 1846.

191 4559 337 4626 ⁴(Quattuor
354 4558 492 4625 evangello
507 4558 579 4611 edita
596 4565 658 4611 sunt
676 4574 693 4610 a
710 4557 812 4610 Parker
827 4556 911 4609 Lond.
929 4555 1016 4618 1571,
1038 4551 1140 4632 aWill.
1160 4550 1239 4604 d'Isle
1257 4547 1341 4603 Lond.

133 4622 208 4690 1638,
221 4628 363 4695 conjuncta
374 4643 435 4680 cum
446 4627 566 4680 versione
579 4627 691 4680 Gothico
703 4641 719 4678 a
731 4627 827 4680 Franc.
840 4625 920 4678 Junio
932 4622 1063 4676 Dordracr
1076 4623 1149 4676 1615.
1219 4693 1222 4698 ,

178 4716 300 4768 (11111111,
314 4717 398 4755 Introd.
409 4717 433 4754 ln
443 4717 469 4755 N.
482 4717 508 4754 T.
518 4716 595 4754 llbroa.
1124 4709 1139 4760 7
