3364 5156
610 329 899 395 ——229-

238 499 331 580 Resp.
354 499 399 564 Ut
411 500 527 564 exhct.
546 503 572 580 1,
588 501 681 565 3-5.
695 506 727 566 11
742 521 779 566 ex
794 502 864 582 ipso
873 503 980 568 Lucae
993 505 1156 586 evangelio
1172 501 1305 586 111124,
1321 507 1371 570 49.
1483 580 1487 587 ,

156 603 223 649 cum
238 605 265 648 v.
281 586 332 648 50.
348 589 454 666 patet,
477 587 631 650 monitum
650 587 730 650 illud
745 606 764 650 a
781 586 908 652 Christo
923 589 1087 668 Apostolis
1102 611 1164 656 non
1179 591 1250 670 ipsa
1266 611 1372 658 resur-

155 670 300 734 rectionis
315 665 376 749 dre,
393 672 450 735 sed
465 671 554 736 brevi
570 677 644 736 ante
660 673 877 737 ascensionem
891 674 924 737 in
940 675 1045 739 coelos
1062 681 1112 740 est
1127 677 1245 740 datum.
1286 678 1372 757 Apo-

155 755 250 819 stolos
272 760 379 818 autem
401 761 475 836 post
498 756 616 821 Christi
644 759 910 823 resurrectionem
932 759 1070 824 breviori
1092 761 1205 826 saltem
1227 768 1372 844 tempore

155 859 222 904 esse
236 846 381 906 versatos
395 842 428 905 in
444 841 596 921 Galilaea,
613 862 630 907 e
646 843 703 906 Mt.
718 844 769 924 28,
789 845 836 907 16.
859 845 883 908 Ι.
901 843 971 910 Cor.
992 846 1038 926 15,
1051 846 1079 909 6.
1097 847 1274 912 edocemur.

234 927 263 990 5.
304 927 477 1006 Apostolos
499 932 573 1007 post
596 926 714 993 Christi
736 930 1003 994 resurrectionem
1025 931 1208 1011 piscaturae
1229 952 1371 1012 vacasse,

153 1030 263 1092 parum
279 1017 328 1076 est
342 1013 522 1092 prohabile3
538 1014 646 1093 potius
662 1031 733 1078 cum
745 1015 811 1096 jam
827 1016 859 1078 in
875 1034 912 1081 eo
928 1023 1043 1096 essent,
1060 1023 1096 1081 ut
1111 1037 1225 1082 munus
1237 1019 1372 1084 docendi

152 1098 182 1160 in
197 1116 231 1162 se
246 1097 455 1178 susciperent,
471 1099 513 1162 ad
528 1098 588 1164 hoc
603 1118 638 1164 se
653 1119 849 1181 praeparare
862 1103 1078 1166 necessarium
1094 1103 1140 1168 eis
1155 1108 1234 1168 erat.

234 1183 329 1263 Resp.
365 1183 410 1247 Ut
430 1184 631 1264 Apostoli'in
654 1185 797 1250 Galilaea
819 1192 984 1252 versantes
1006 1189 1091 1253 vitae
1112 1189 1294 1254 necessaria
1315 1189 1372 1254 ho·

151 1273 239 1334 11111
254 1269 315 1333 sibi
329 1274 491 1350 pararent,
506 1270 548 1333 ad
564 1269 724 1350 opificium
740 1273 949 1337 exercendum
965 1274 1067 1358 coacti
1083 1280 1187 1354 erant3
1203 1279 1372 1354 praeterea

152 1353 299 1418 diuturna
319 1355 566 1435 praeparatione
587 1375 667 1436 opus
687 1376 749 1422 non
770 1357 932 1422 habebant
946 1359 1021 1438 viri,
1045 1379 1180 1440 quorum
1196 1365 1266 1425 erat
1281 1360 1371 1424 testi-

151 1440 288 1504 monium
303 1441 399 1506 edere
414 1441 455 1505 de
469 1440 518 1519 iis,
535 1461 618 1522 quae
633 1443 802 1506 audierant
817 1449 849 1508 et
864 1443 1020 1524 viderant,
1037 1464 1184 1527 quaeque
1192 1445 1331 1527 Spiritus
1346 1464 1370 1510 s.

152 1530 233 1590 esset
250 1531 461 1608 suggesturus
477 1525 560 1605 (Act.
583 1529 606 1605 1,
622 1528 651 1590 8.
667 1528 730 1608 al).

232 1611 261 1674 6.
292 1611 400 1675 Verba
415 1631 442 1675 v.
461 1612 525 1690 111,
546 1612 573 1676 11
588 1631 727 1694 unquam
747 1632 767 1676 a
783 1612 910 1688 Christo
935 1620 1026 1679 erant
1040 1615 1182 1696 prolata,
1205 1614 1373 1680 manifeste

150 1701 248 1778 agunt
270 1697 310 1760 de
333 1697 505 1762 senectutis
526 1696 726 1778 infirmitate,
754 1717 836 1779 quae
859 1699 993 1764 aliorum
1015 1700 1138 1781 indiget
1160 1721 1234 1782 ope;
1260 1705 1373 1765 auctor

150 1799 222 1847 vero
244 1783 340 1864 hujus
362 1783 476 1863 capitis
497 1783 537 1848 de
552 1783 640 1849 Petri
660 1789 763 1849 morte
782 1784 814 1847 in
831 1803 924 1848 cruce
938 1786 1183 1866 interpretatur,
1207 1805 1303 1867 quam
1319 1805 1371 1850 ex·

149 1867 337 1948 positionem
353 1887 518 1932 erroneam
533 1868 554 1932 J
555 1869 649 1933 oanni
663 1869 817 1951 Apostolo
832 1869 975 1935 tribuere
990 1870 1078 1935 nefas
1093 1869 1184 1936 foret.

231 1954 328 2033 Resp.
358 1953 536 2033 iudicium,
559 1973 634 2018 num
654 1954 824 2020 verborum
840 1953 958 2019 Christi
972 1956 1196 2037 interpretatio
1212 1976 1231 2020 a
1246 1957 1267 2020 J
1269 1973 1371 2021 oanne

149 2037 240 2119 facta,
257 2058 297 2102 an
312 2037 367 2102 illa
382 2039 638 2104 adversariorum
654 2058 730 2104 vera
746 2040 789 2104 sit
804 2045 835 2104 et
850 2041 918 2104 viro
935 2040 1041 2106 sobrio
1058 2060 1159 2122 eoque
1174 2041 1276 2124 magis
1284 2043 1371 2122 Apo-

149 2124 227 2190 stolo
252 2124 357 2204 digna,
380 2143 492 2189 secure
512 2125 720 2206 relinquimus
741 2125 813 2203 11111,
837 2126 892 2206 qui
913 2127 1117 2207 praejudiciis
1139 2147 1201 2192 non
1223 2131 1372 2192 tenentur

149 2210 241 2290 capt'.
272 2209 331 2273 Illa
346 2213 454 2274 autern
470 2211 568 2275 verba
583 2210 736 2275 aChristo
752 2229 863 2275 revera
879 2212 1371 2292 1111111111,11111111111111-

149 2315 216 2375 111,
241 2301 275 2359 11
293 2295 389 2376 hujus
408 2297 595 2360 assertionis
613 2297 783 2362 veritatem
798 2297 903 2361 omnia
918 2298 1127 2378 comprobant
1141 2303 1249 2364 textus
1265 2317 1288 2362 s.
1304 2317 1371 2362 mo·

149 2385 307 2460 humente,
324 2386 357 2445 et
370 2381 504 2462 proinde
519 2401 628 2447 omnes
644 2382 797 2447 ecclesiae
811 2383 972 2464 antiquae.

106 2545 107 2548 Ἴ
230 2465 260 2529 Ε
277 2466 371 2530 dictis
385 2472 490 2547 patet,
513 2473 702 2550 argumenta
717 2472 828 2533 contra
843 2468 938 2550 hujus
955 2469 1069 2550 capitis
1085 2469 1282 2534 authentiam
1297 2488 1371 2550 pro-

148 2551 212 2616 lata
226 2550 322 2616 facile
336 2550 471 2616 refutari
486 2571 589 2633 posse.
627 2553 698 2618 Non
714 2554 831 2618 desunt
845 2573 921 2619 vero
937 2555 1034 2619 etiam
1049 2555 1190 2620 rationes
1205 2555 1371 2636 positivae,

149 2655 230 2716 quae
247 2637 477 2718 genuinitatem
491 2638 587 2720 hujus
602 2640 705 2719 partis
719 2639 866 2721 probant,
883 2644 915 2704 et
930 2641 1059 2721 quidem

233 2724 268 2803 α)
296 2723 332 2785 11
356 2723 461 2802 capite
482 2724 543 2788 hoc
564 2730 613 2806 111
636 2728 668 2788 11
690 2725 771 2789 11111
794 2730 1082 2789 commemorantur
1103 2725 1370 2807 circumstantiae,

148 2827 229 2888 quae
253 2807 377 2872 nonnisi
399 2808 475 2872 testi
489 2808 623 2873 'oculato
645 2816 741 2874 notae
762 2827 834 2873 1111
853 2815 886 2873 11
905 2815 980 2889 post
993 2810 1119 2891 longius
1134 2816 1261 2890 tempus
1276 2811 1316 2875 ab
1334 2831 1371 2876 eo

147 2898 297 2958 accurate
311 2891 424 2958 referri
434 2898 593 2975 poterant.
624 2895 676 2960 Sic
688 2899 800 2958 auctor
812 2895 973 2975 cognitum
983 2895 1091 2974 habet,
1106 2895 1238 2959 Petrum
1249 2897 1370 2960 nudum

147 2979 255 3044 tunica
270 2997 341 3042 sese
356 2979 548 3045 succinuisse
564 2984 596 3043 et
611 2997 646 3044 se
660 2979 786 3044 misisse
805 2979 837 3043 in
852 2998 941 3044 mare
956 2978 997 3058 (v.
1015 2980 1071 3060 1.);
1094 2980 1135 3043 ad
1149 2981 1252 3044 instar
1266 2981 1370 3061 pisca-

146 3065 225 3129 toris
248 3064 356 3128 oculos
378 3065 568 3129 exercitatos
587 3064 735 3129 habentis
754 3065 842 3129 novit
856 3065 974 3146 navigii
989 3065 1174 3129 distantiam
1189 3085 1209 3130 a
1224 3071 1312 3130 terra
1328 3065 1369 3145 (u.

147 3149 174 3212 8.
190 3149 261 3214 coll.
279 3167 303 3213 c.
316 3150 345 3228 6,
357 3150 437 3230 111),
452 3150 485 3213 11
501 3151 654 3214 memoria
670 3155 757 3214 tenet
772 3169 939 3214 numerum
954 3150 1097 3230 piscium,
1115 3169 1195 3232 quos
1211 3157 1370 3231 ceperant,

147 3239 178 3298 et
193 3235 376 3299 adhucdum
392 3235 536 3314 miratur,
553 3236 711 3316 quomodo
727 3240 796 3300 rete
811 3255 873 3300 non
889 3237 931 3299 sit
946 3237 1081 3300 scissum
1097 3236 1224 3316 (1111,
1251 3237 1370 3302 Verum

147 3339 170 3383 s.
186 3324 300 3385 auctor
321 3321 422 3400 probe
443 3321 656 3401 perspiciens
679 3319 749 3385 fieri
763 3339 874 3400 posse,
897 3326 934 3384 ut
949 3327 1060 3386 contra
1075 3322 1260 3403 appendicis
1275 3321 1371 3404 hujus

146 3405 345 3470 authentiam
360 3412 563 3470 moverentur
578 3406 684 3486 dubia,
700 3426 727 3470 u.
744 3407 794 3469 24.
811 3406 931 3472 diserte
946 3407 1093 3471 adnotat:
1119 3407 1204 3488 „Hic
1220 3420 1265 3468 est
1280 3407 1371 3470 data·-

142 3491 240 3574 palos
255 3489 295 3553 all
303 3537 310 3549 1
325 3489 380 3571 (de
395 3509 458 3572 quo
473 3512 502 3555 v.
518 3492 568 3554 20.
585 3496 656 3556 erat
671 3492 804 3572 sermo),
830 3493 889 3575 qai
900 3492 1106 3554 caelimontium
1116 3491 1256 3576 perhohet
1271 3491 1308 3555 de
1322 3493 1371 3555 his

110 3627 115 3640 .
147 3587 174 3636 et
192 3575 322 3659 scrzpsr‘c
341 3575 446 3639 haecf‘
491 3577 612 3652 Quodsi
629 3577 696 3658 jam
714 3577 793 3641 haec
807 3595 870 3640 non
886 3581 993 3641 essent
1008 3576 1106 3641 verba
1121 3576 1221 3658 ipsius
1237 3577 1371 3643 loannis

148 3660 371 3741 evangelistae,
387 3661 445 3726 sed
460 3661 542 3725 alius
557 3662 737 3743 cujusdam:
757 3661 809 3726 hic
824 3660 973 3725 falsarius
989 3665 1021 3726 et
1035 3662 1192 3744 impostor
1205 3663 1371 3744 impuden-

146 3747 289 3810 tissimus
302 3745 386 3811 toret
400 3747 561 3811 dicendus

233 3831 264 3913 b)
284 3832 464 3897 S.Joannes
473 3831 592 3896 Christi
608 3831 704 3896 effata
720 3831 878 3911 explicare
894 3831 984 3910 solet,
1000 3851 1027 3895 v.
1044 3850 1072 3913 g.
1088 3834 1119 3912 2,
1135 3833 1185 3898 22.
1209 3834 1238 3914 6,
1254 3833 1304 3898 64.
1320 3833 1370 3898 65.

149 3915 197 3979 70.
223 3916 251 3996 7,
267 3917 317 3980 39.
343 3917 392 3997 12,
409 3917 458 3981 33.
484 3917 533 3996 13,
552 3918 613 3994 11.;
632 3918 789 3998 jamvero
805 3935 873 3980 mos
888 3917 939 3981 hic
955 3917 1052 3981 etiam
1068 3918 1119 3998 21,
1137 3919 1185 3982 19.
1201 3920 1248 3983 111
1264 3938 1371 3984 serva-

144 4004 214 4080 tur,
237 4006 273 4064 ut
292 4002 342 4066 vel
358 4002 577 4082 expressiones
593 4001 746 4084 Apostolo
763 4001 907 4066 solennes
923 4008 1107 4067 occurrant:
1130 4007 1228 4071 ταῦτα
1244 3998 1370 4069 11ὲεῖ111

147 4084 320 4174 σημαίνων,
344 4085 434 4176 ποίῳ
456 4086 592 4174 θανάτῳ
615 4087 745 4167 δοξάσει
768 4087 823 4152 τὸν
844 4087 1198 4168 θεὸν1111.1.12,33.;
1221 4087 1371 4154 τοῦτοδὲ

148 4168 236 4256 ἔλεγε
250 4170 425 4260 σημαίνων,
442 4169 530 4259 ποίῳ
545 4172 680 4260 θανάτῳ
696 4168 827 4258 ἤμελλεν
842 4167 1069 4260 ἀποθνήσκειν.
1240 4250 1243 4255 ,

233 4257 263 4338 c)
286 4257 409 4333 Quodsi
431 4262 544 4322 auctor
563 4257 659 4339 hujus
682 4257 795 4336 capitis
817 4276 879 4321 non
901 4261 988 4321 esset
1006 4257 1195 4339 Apostolus:
1221 4256 1370 4322 falsarius

147 4341 200 4404 vix
214 4343 272 4406 tali
288 4362 366 4407 usus
382 4347 468 4408 esset
481 4342 674 4423 hyperbole,
698 4341 801 4423 qualis
816 4361 844 4405 v.
860 4342 910 4406 25.
926 4341 1053 4423 legitur,
1070 4344 1127 4408 sed
1141 4342 1250 4424 potius
1265 4361 1369 4408 asser-

150 4425 266 4492 tionem
280 4428 362 4493 hanc
377 4428 479 4510 magis
495 4426 723 4493 conformasset
738 4426 843 4492 verbis
859 4427 910 4507 20,
926 4429 977 4491 30.

234 4512 278 4594 d)-
292 4513 382 4590 Quae
396 4515 455 4579 hoc
471 4512 575 4592 capite
590 4517 769 4591 narrantur,
784 4531 993 4593 personarum
1008 4513 1185 4577 characteri
1200 4514 1281 4578 adeo
1297 4531 1370 4577 con·

148 4596 287 4680 veniunt,
302 4604 339 4662 ut
353 4600 394 4663 ab
408 4599 583 4678 impostore
596 4596 673 4680 fingi
687 4597 774 4661 haud
788 4597 977 4678 potuissent.
1008 4598 1060 4664 Sic
1075 4598 1201 4678 Petrus,
1218 4617 1289 4662 cum
1305 4598 1369 4666 Do-
