3364 5156
797 333 1081 398 -242-

324 506 500 588 Apostolus
516 505 585 571 dies
602 505 620 569 7
636 510 850 570 commoratus
865 509 930 584 est,
954 510 986 570 et
1000 505 1028 569 si
1043 504 1149 570 itineri
1162 503 1306 585 pedestri
1320 505 1454 569 Romam
1468 501 1554 568 lacto

325 592 467 674 quinque
482 598 539 657 aut
553 608 609 657 sex
623 590 803 656 tribuamus
816 591 895 671 dieS,
911 590 1034 653 Paulae
1045 613 1107 653 noa
1119 590 1295 674 acteflaem
1308 589 1425 652 Martii
1432 589 1554 653 Romae

327 677 459 740 aduertit.

414 759 507 824 Fadia
517 773 705 844 procurator
723 760 756 824 in
771 760 792 825 J
795 761 931 826 udaeam
952 760 1070 826 missus
1086 769 1136 824 est
1155 779 1238 824 anno
1262 761 1311 823 13.
1349 758 1476 823 Claudii
1496 775 1555 823 seu

325 847 377 911 53.
392 864 488 911 aerae
502 845 586 927 vulg.
602 845 638 925 (J
640 865 684 910 os.
696 845 770 910 Ant.
781 846 833 926 20,
851 848 878 925 l,
897 847 955 927 1.);
972 846 1100 926 quando
1115 850 1224 910 autem
1238 852 1407 910 revocatus
1424 845 1475 921 sit,
1491 861 1554 907 non

326 935 466 1010 constat;
492 936 635 996 attamen
650 936 726 996 ante
740 949 858 995 annum
874 932 923 994 62.
940 931 974 994 id
988 929 1109 996 lactum
1124 949 1210 1010 esse,
1239 933 1272 1007 a)
1287 930 1361 994 inde
1383 928 1554 1010 colligitur,

325 1017 402 1098 quie
424 1034 518 1081 secus
532 1015 708 1097 Apostolus
730 1034 750 1080 a
765 1016 863 1082 Festo
879 1017 1014 1081 Romam
1036 1016 1153 1080 missus
1172 1014 1292 1080 ibidem
1307 1019 1452 1080 moratus
1468 1019 1554 1078 esset

325 1101 366 1167 ab
382 1120 464 1166 anno
478 1101 642 1182 oet-65,
666 1120 742 1184 ergo
758 1106 927 1183 grassante
943 1101 1197 1166 Christianorum
1215 1100 1438 1182 persecutione
1452 1098 1484 1162 N
1486 1117 1554 1164 ero-

324 1187 434 1266 niana,
450 1205 534 1268 qnae
548 1187 638 1252 brevi
652 1192 727 1267 post
741 1187 923 1253 incendium
938 1188 1061 1252 Romae
1074 1186 1200 1251 initium
1215 1186 1328 1250 habuit
1342 1204 1453 1250 mense
1468 1184 1489 1249 J
1490 1183 1553 1248 ulio

325 1272 399 1337 anni
415 1272 464 1335 64.
475 1273 506 1350 ;1
528 1272 620 1352 atqui
634 1273 686 1336 vix
702 1277 888 1353 exspectare
902 1272 993 1352 licet,
1013 1271 1157 1336 futurum
1172 1270 1286 1351 fuisse,
1301 1275 1340 1335 ut
1353 1270 1415 1335 hoc
1429 1271 1463 1334 in
1479 1287 1554 1334 casu

324 1357 501 1438 Apostolus
516 1376 578 1421 non
593 1362 719 1421 tantum
733 1358 765 1421 in
781 1359 847 1423 vita
863 1365 950 1422 esset
964 1363 1128 1437 servatus,
1155 1357 1213 1422 sed
1229 1357 1327 1422 etiam
1341 1355 1442 1420 libere
1461 1373 1554 1436 prae·

326 1443 435 1508 dicare
450 1442 609 1522 potuisset
624 1441 708 1521 (Act.
725 1443 776 1522 28,
792 1444 867 1525 36).
898 1443 1006 1520 Quare
1020 1443 1124 1525 prima
1139 1441 1232 1506 Pauli
1247 1441 1417 1523 captivitas
1433 1442 1554 1505 Romae

327 1527 470 1608 coeperit
485 1545 615 1592 necesse
630 1532 769 1593 estante
784 1547 902 1593 annum
917 1528 968 1592 62.
983 1564 1026 1572 -
1041 1529 1131 1593 Idem
1147 1527 1304 1609 probatur
1318 1524 1349 1611 b)
1362 1526 1426 1590 alio
1438 1531 1554 1591 eventu

325 1612 486 1678 historico.
531 1611 628 1678 Teste
643 1613 664 1678 J
666 1613 785 1693 osepho
800 1613 847 1678 Fl.
868 1613 955 1693 (Ant.
972 1613 1028 1693 20,
1044 1613 1079 1694 8,
1097 1613 1124 1676 7.
1141 1617 1174 1678 et
1188 1613 1233 1694 9.)
1255 1612 1454 1677 Judaeorum
1476 1609 1553 1675 Cae

329 1697 527 1763 sennensium
541 1698 698 1778 primores
710 1698 849 1764 Felicem
864 1697 978 1764 statim
989 1717 1027 1764 ac
1043 1717 1081 1763 ex
1092 1698 1218 1763 iudaea
1233 1698 1436 1777 discesserat,
1453 1696 1554 1762 secuti

326 1791 403 1849 sunt
421 1783 563 1848 Romam·
581 1803 717 1865 eumque
738 1784 917 1865 injustitiae
939 1802 977 1849 ac
1000 1783 1201 1849 crudelitatis
1224 1788 1335 1848 contra
1357 1782 1502 1847 Judaeos
1524 1782 1554 1845 in

325 1867 468 1936 favorem
481 1869 633 1950 Syrorum
649 1869 837 1934 commissae
848 1877 1056 1949 accusarunt3
1072 1874 1124 1934 ast
1135 1868 1225 1934 Felix
1236 1868 1413 1934 mediatore
1423 1866 1554 1932 Pallade

325 1953 426 2019 fratre
449 1954 641 2019 sententiam
662 1955 868 2020 damnantem
891 1954 1011 2036 effugit.
1055 1954 1180 2019 Eodem
1199 1961 1309 2018 autem
1329 1959 1477 2034 tempore
1493 1952 1554 2016 duo

326 2040 480 2121 Syromm
494 2038 593 2121 legati
604 2041 725 2105 Romae
740 2041 948 2118 advenerunt,
964 2041 1020 2121 qui
1031 2040 1249 2106 intercedente
1260 2038 1378 2120 Burro,
1388 2035 1553 2122 praaefeaeo

366 2125 492 2203 aeraria
508 2125 673 2190 decretum
687 2125 903 2207 impetrarunt
918 2123 1082 2205 Caesaris,
1102 2143 1166 2205 quo
1181 2125 1202 2189 J
1204 2124 1317 2189 udaeis
1333 2121 1554 2188 ansareensi·

349 2227 388 2274 us
400 2209 454 2289 jus
470 2208 609 2274 civitatis
625 2212 788 2276 Romanae
802 2211 898 2292 primi
913 2210 1034 2276 ordinis
1049 2209 1192 2274 ablatum
1209 2214 1267 2274 est.
1294 2209 1315 2274 J
1316 2228 1369 2273 am
1383 2227 1461 2273 vero
1475 2208 1554 2272 Bur-

327 2312 385 2359 rus
407 2293 497 2358 initio
520 2294 595 2359 anni
617 2296 668 2359 62.
691 2301 725 2361 et
744 2295 834 2361 brevi
853 2301 929 2377 post
943 2294 1051 2360 Pallas
1074 2293 1235 2361 interlecti
1250 2301 1325 2359 sunt
1343 2293 1460 2374 (Tacit.
1476 2293 1554 2357 Anu.

328 2379 413 2444 XIV.
432 2379 516 2460 54.);
541 2397 642 2460 quare
666 2387 798 2446 eventus
820 2380 868 2446 illi
889 2386 922 2446 et
942 2381 1059 2446 Felicis
1078 2379 1240 2452 revocatio
1259 2380 1363 2444 locum
1385 2379 1554 2444 habuerint

328 2481 460 2530 necesse
475 2467 526 2529 est
540 2482 622 2529 anno
638 2465 688 2530 61.
705 2484 800 2532 aerae
815 2467 899 2547 vulg.
926 2465 1073 2547 Denique
1088 2465 1117 2548 c)
1133 2464 1254 2530 Paulus
1268 2464 1338 2530 coll.
1351 2465 1424 2528 Act.
1439 2464 1490 2543 28,
1507 2463 1553 2527 16.

328 2554 404 2632 post
420 2549 593 2614 adventum
608 2568 703 2614 suum
717 2551 838 2617 Romae
853 2570 925 2617 cum
939 2551 1073 2632 reliquis
1089 2551 1224 2632 captivis
1239 2551 1378 2615 traditus
1394 2557 1445 2615 est
1465 2566 1554 2630 prae·

328 2634 414 2699 fecto
430 2634 604 2716 praetorio,
618 2638 667 2722 τῷ
681 2637 958 2726 στρατοπεδάρχῃ.
986 2636 1153 2701 Articulus
1167 2636 1303 2715 indicat,
1317 2641 1388 2700 tum
1403 2632 1554 2715 temporis

330 2718 459 2785 nonnisi
488 2737 586 2784 unum
614 2719 715 2786 fuisse
743 2720 942 2804 praelectum
969 2721 1149 2803 praetorio;
1178 2721 1230 2786 hic
1258 2729 1368 2786 autem
1396 2737 1555 2785 essenon

330 2810 478 2887 poterat,
504 2804 566 2870 nisi
581 2804 723 2886 Burrus,
749 2825 849 2887 quum
870 2811 946 2872 ante
968 2811 1094 2889 etpost
1115 2824 1189 2871 eum
1204 2807 1267 2871 duo
1284 2812 1391 2872 essent
1404 2802 1556 2887 praefecti

329 2890 508 2972 praetorio,
532 2896 566 2955 et
579 2910 731 2958 numerus
746 2892 880 2973 pluralis
895 2891 940 2956 ibi
956 2891 1053 2957 etiam
1068 2891 1272 2972 adhibeatur,
1296 2890 1352 2956 ubi
1367 2891 1408 2956 de
1424 2887 1556 2971 captivis

328 2975 460 3040 traditis
476 2980 526 3041 est
541 2981 677 3041 sermo.2
701 2976 781 3042 Cum
796 2996 871 3042 vero
887 2996 973 3042 mors
984 2977 1081 3041 Burri
1095 2977 1128 3041 in
1143 2977 1269 3041 initium
1280 2976 1354 3041 anni
1366 2976 1417 3039 62.
1428 2975 1555 3052 incidat,

330 3060 468 3140 Paulus,
491 3060 547 3141 qui
562 3061 622 3125 sub
636 3060 732 3126 finem
746 3063 864 3127 mensis
880 3062 990 3127 Martii
1004 3062 1109 3128 Burro
1124 3062 1264 3127 traditus
1280 3066 1345 3142 est,
1368 3079 1451 3126 anno
1464 3078 1556 3141 prae

335 3147 469 3212 cedente
482 3145 503 3210 i.
519 3164 546 3210 e.
562 3146 612 3209 61.
628 3147 763 3212 Romam
777 3147 901 3230 venerit
915 3165 1046 3213 necesse
1062 3152 1120 3212 est.

416 3231 507 3307 Quae
523 3248 594 3296 oum
609 3231 656 3295 ita
671 3232 744 3312 sint,
759 3232 865 3312 Folia,
892 3251 973 3297 anno
989 3233 1040 3297 60.
1062 3249 1158 3298 aerae
1179 3231 1263 3312 vulg.
1288 3230 1470 3312 depositus,
1498 3227 1556 3294 Ju-

330 3316 445 3381 daeam
459 3334 519 3396 per
533 3321 657 3396 septem
679 3335 778 3381 annos
798 3317 1047 3399 administravit,
1070 3318 1117 3382 ita
1138 3325 1176 3382 ut
1190 3316 1311 3381 Paulus
1333 3334 1407 3382 eum
1420 3316 1488 3379 Act.
1504 3313 1555 3392 24,
1676 3379 1677 3382 ,

331 3402 382 3466 10.
397 3401 517 3482 alloqui
531 3406 643 3482 posset
657 3401 778 3467 verbis:
799 3403 876 3482 „Ere
891 3403 998 3466 maltis
1013 3405 1150 3466 anaiade
1166 3425 1230 3465 ease
1236 3401 1383 3485 judicem
1391 3399 1556 3488 qeate'hue'c

330 3489 431 3550 scieas
445 3487 523 3550 bono
538 3488 644 3550 animo
651 3510 716 3571 pro
730 3510 778 3550 ace
793 3488 960 3572 amebfaceb
975 3486 1146 3567 (rationem
1161 3487 1307 3568 reddo).“

281 3647 283 3650 Ι
415 3570 539 3635 Paulus
554 3573 660 3656 itaque
675 3571 927 3658 Haeo-osolymam
941 3575 1024 3636 veuit
1040 3585 1112 3635 ante
1119 3585 1317 3656 pentecosten
1333 3571 1415 3635 anui
1425 3570 1473 3634 58.
1480 3592 1494 3650 ;
1517 3567 1555 3631 ab

334 3667 448 3718 aestate
462 3656 555 3739 bayas
570 3657 651 3720 anai
662 3680 760 3741 usqae
775 3657 821 3721 ad
833 3671 1035 3721 aacuemaam
1049 3658 1131 3720 anui
1143 3658 1194 3721 ὅθ.
1219 3655 1393 3721 Caesareae
1408 3668 1471 3719 erat
1481 3676 1556 3752 caps

333 3740 426 3820 aaa,
451 3740 570 3804 Boutae
595 3741 720 3806 adeam
744 3765 814 3806 vere
839 3744 920 3806 anei
936 3743 986 3806 61.
1010 3754 1040 3805 et
1060 3741 1175 3806 ebidem
1198 3743 1232 3805 c'a
1254 3742 1388 3806 aemulis
1408 3751 1556 3804 remaneat

333 3825 562 3907 coquendam
636 3850 762 3889 vernam
778 3829 859 3890 aurci
871 3828 923 3891 63.

417 3908 453 3989 4)
477 3909 549 3974 Sia
592 3911 789 3976 activitatem
803 3912 951 3993 Apostoli
970 3912 1041 3977 Act.
1064 3911 1117 3991 15,
1140 3911 1299 3991 36-21,
1324 3911 1374 3976 16.
1396 3912 1556 3976 narratam

215 3981 220 3990 ’
332 3994 543 4075 respiciamus
557 3995 612 4059 illo
626 3997 779 4076 temporis
795 3997 917 4078 spatio,
933 3997 1020 4078 quod
1034 3997 1119 4061 inter
1133 3996 1196 4061 iter
1212 3997 1281 4078 ejus
1296 3992 1556 4075 Hierosolymita-

332 4098 409 4144 num
424 4079 571 4161 quintum
586 4098 667 4145 anno
682 4082 733 4145 58.
750 4086 783 4147 et
798 4083 930 4147 tertium
941 4101 1012 4146 ann.
1025 4082 1076 4145 52.
1090 4086 1160 4146 erat
1172 4081 1399 4162 interpositum
1410 4081 1443 4160 (6
1453 4078 1556 4158 anull:
1674 4089 1675 4108 ¹

333 4163 455 4230 Paulus
469 4170 614 4246 tempore
628 4184 725 4231 verno
740 4167 814 4231 anni
828 4167 879 4231 52.
895 4167 1032 4232 alterum
1048 4166 1191 4247 suscepit
1204 4166 1276 4246 iter,
1293 4173 1326 4232 et
1340 4167 1400 4231 sub
1416 4169 1556 4231 auctum-

333 4249 567 4340 nnmlcorinthi
582 4250 712 4315 advenit
726 4250 836 4332 ibique
850 4271 909 4332 per
923 4271 1040 4318 annum
1056 4256 1089 4316 et
1104 4270 1158 4316 sex
1173 4270 1308 4331 menses,
1323 4252 1343 4315 i.
1360 4271 1386 4316 e.
1402 4266 1497 4330 usque
1513 4248 1557 4311 ad

333 4353 390 4400 ver
412 4335 487 4400 anni
507 4335 559 4400 54.
582 4335 707 4400 mansit.
745 4336 824 4402 Inde
843 4336 1007 4416 profectus
1026 4354 1086 4417 per
1099 4335 1265 4416 Ephesum
1286 4343 1401 4418 quarto
1419 4333 1557 4400 visitavit

357 4469 499 4479 -.-.,

404 4540 413 4569 ¹
431 4534 510 4588 Tacit
520 4533 617 4588 Annal.
630 4533 689 4587 XV.
701 4533 743 4587 41.
756 4540 784 4589 et
795 4535 837 4587 44.
1125 4587 1129 4600 ,

404 4606 415 4637 ²
432 4602 518 4655 Tacit.
530 4602 628 4656 Annal.
640 4601 712 4656 XIV.
724 4602 767 4656 41.
791 4602 859 4656 Plin.
873 4618 914 4670 ep.
926 4601 960 4656 X.
973 4601 1014 4656 65.
1040 4601 1196 4657 Philostrat.
1208 4604 1253 4658 vit.
1267 4603 1378 4672 sophist.
1389 4605 1424 4657 11.
1436 4603 1472 4655 32.
