3314 5166
795 259 1078 374 ...1541-

325 480 431 547 iacere
453 500 515 547 nou
539 481 636 563 solet,
663 482 718 564 qui
739 481 919 546 uberiorem
943 478 1216 562 sufficientemque
1238 481 1377 547 omnium
1402 483 1537 548 notitiam

326 567 455 632 aliunde
469 568 617 632 haustam
631 567 663 632 in
675 566 796 634 cunctis
810 565 984 632 lectoribus
996 565 1062 632 suis
1078 567 1237 648 supponit,
1254 573 1287 632 et
1301 569 1412 648 paucis
1424 575 1538 634 tantum

326 652 432 717 verbis
447 652 643 735 singulorum
659 657 829 719 eventuum
843 651 1096 717 recordationem
1119 649 1258 718 excitare
1272 653 1357 734 vult;
1380 655 1486 736 potius
1499 655 1538 719 ita
1642 717 1643 726 ,

326 756 422 820 agere
438 738 528 818 solet,
544 738 599 820 qui
613 738 663 804 vel
677 739 800 820 primus
815 738 862 803 rei
877 737 1042 820 cujusdam
1057 743 1169 820 gestae
1183 738 1330 804 notitiam
1345 739 1416 804 aliis
1432 759 1539 821 suppe·
1642 743 1643 750 ’

326 824 431 889 ditare
446 823 624 903 desideret;
647 824 698 890 vel
714 843 800 903 eam,
824 841 907 905 quac
919 822 1109 906 jamadest,
1132 823 1343 905 cognitionem
1358 843 1476 908 augere
1491 829 1539 890 aut

326 909 494 977 certiorem
508 910 643 976 reddere
657 909 842 988 adlaborat;
862 908 914 976 rel
927 907 1013 976 lacta
1028 909 1154 976 dictave
1168 909 1270 976 literis
1285 911 1407 976 tradita
1423 929 1539 978 conser-

325 1013 416 1075 vare,
440 1001 472 1060 et
491 999 602 1062 contra
622 996 857 1077 corruptionem
879 995 1081 1076 praemunire
1101 995 1218 1060 studet.
1263 994 1457 1078 Quocunque
1472 1016 1540 1062 vero

324 1080 438 1146 horum
463 1080 665 1146 consiliorum
687 1081 776 1146 ducti
790 1080 828 1145 N.
845 1080 879 1145 T.
900 1085 1048 1146 auctores
1070 1080 1272 1161 scripserint,
1296 1081 1338 1146 ad
1358 1081 1439 1147 illud
1460 1101 1540 1154 asse-

325 1166 487 1247 quendum
502 1184 541 1232 ea
554 1166 626 1247 ipsa
641 1167 789 1232 omittere
803 1185 865 1232 non
885 1170 1034 1247 poteraut
1056 1166 1223 1248 adjrmcta,
1247 1165 1364 1248 quibus
1385 1168 1540 1234 adnotatis
1643 1227 1644 1252 ,

329 1269 380 1318 res
395 1270 528 1332 prorsus
543 1251 606 1319 alia
621 1256 926 1334 repraesentaretur.

411 1336 441 1420 c)
463 1337 576 1403 Brevis
591 1357 698 1404 rerum
713 1337 893 1417 delineatio,
909 1336 937 1402 si
950 1337 983 1402 iu
999 1354 1033 1402 se
1047 1335 1119 1418 ipsa
1133 1341 1306 1418 spectetur,
1317 1337 1541 1404 immutationis

324 1421 430 1490 tactae
444 1442 507 1488 non
522 1429 572 1489 est
587 1429 750 1506 suspecta3
766 1423 947 1504 quicunque
962 1421 1045 1488 enim
1058 1421 1178 1488 lactum
1193 1422 1354 1505 quoddam
1365 1423 1416 1489 vel
1430 1423 1540 1490 doctri-

325 1527 399 1572 nam
424 1509 654 1590 compendiose
672 1509 780 1591 potius
805 1509 952 1589 innuere,
978 1526 1075 1590 quam
1094 1507 1188 1588 plene
1209 1507 1343 1590 fuseque
1365 1508 1540 1574 describere

326 1593 430 1674 cupit,
452 1599 527 1660 ante
542 1595 647 1660 omnia
662 1613 774 1662 cavere
789 1594 900 1674 debet,
919 1612 975 1674 ne,
997 1613 1058 1658 non
1073 1593 1222 1659 obstante
1236 1595 1428 1660 narrationis
1443 1595 1540 1660 brevi·

325 1683 409 1759 tate,
431 1679 519 1744 aliud
541 1679 672 1762 doceat,
695 1699 791 1761 quam
813 1680 899 1761 quod
920 1679 1040 1745 tactum
1061 1679 1221 1746 dictumve
1236 1684 1293 1745 est.
1337 1679 1429 1746 Hanc
1443 1680 1539 1763 legem

297 1822 299 1828 .
324 1764 509 1830 auctoribus
524 1783 652 1847 quoquc
667 1766 784 1832 nostris
799 1771 908 1831 notam
926 1770 959 1831 et
973 1764 1014 1830 ab
1038 1764 1085 1832 eis
1106 1765 1324 1845 observatam,
1348 1770 1381 1831 et
1395 1765 1493 1832 etiarn
1507 1785 1538 1831 er

323 1850 384 1916 bac
408 1856 501 1932 parte
527 1869 637 1917 eorum
662 1852 695 1918 in
720 1851 886 1918 referendo
913 1849 1137 1918 dexteritatem
1162 1850 1355 1917 vindicatam
1378 1869 1466 1931 esse,
1495 1856 1539 1916 sat

324 1954 485 2018 superque
508 1937 725 2020 cognoscitur,
753 1937 780 2003 si
806 1937 950 2019 ejusdem
976 1937 1023 2002 rei
1048 1935 1159 2018 paucis
1185 1941 1309 2002 tautum
1335 1937 1539 2004 adumbratae

323 2023 466 2089 narratio
482 2041 554 2089 cum
568 2023 703 2105 pleniori
718 2023 851 2090 alterius
865 2022 1021 2090 relatione
1036 2026 1269 2103 comparetur.1

753 2295 799 2396 B)
825 2295 883 2368 De
900 2293 1112 2368 sinceritate.

403 2464 453 2527 Eo
470 2465 574 2530 minuo
588 2465 630 2530 N.
649 2466 683 2531 T.
699 2478 836 2530 domoras
850 2466 885 2548 5)
900 2465 1028 2551 scientes
1042 2464 1235 2550 volentesque
1249 2465 1349 2528 oleum
1364 2489 1469 2530 reram

739 2566 875 2632 indolem
891 2567 1125 2652 daamzpaeruct.

875 2720 903 2802 §-
921 2721 992 2788 roc.

722 2857 938 2912 Dicendorum
950 2827 1148 2920 conspectus.

401 3011 583 3112 'Sinceritas
598 3031 726 3094 quoque
736 3012 775 3078 N.
788 3012 823 3078 T.
835 3016 1002 3079 auctorum
1016 3010 1149 3076 indubia
1164 3010 1234 3091 erit,
1250 3011 1277 3075 si
1293 3010 1541 3076 demonstratum

327 3095 423 3162 suem
437 3181 462 3246 Ι
484 3181 614 3248 Nullum
637 3182 771 3266 cogitari
792 3201 888 3264 posse
909 3182 1075 3263 motivum,
1099 3200 1162 3264 quo
1185 3181 1227 3246 ad
1241 3179 1337 3246 fidem
1356 3180 1541 3247 laedendam

486 3274 593 3334 essent
608 3269 745 3347 seducti;
762 3286 817 3334 eos
832 3268 939 3349 potius

420 3354 460 3418 Il.
484 3353 526 3418 ad
540 3372 617 3420 vera
637 3353 756 3438 ubique
771 3353 906 3418 dicenda
920 3352 1117 3436 gravissimis
1139 3351 1316 3418 rationibus
1336 3349 1437 3417 luisse
1457 3369 1541 3416 coac-

402 3525 459 3590 llI.
482 3443 596 3594 1181εὲ1
610 3524 643 3592 in
657 3519 875 3591 libris'eorum
891 3523 977 3590 clara
992 3522 1185 3590 sinceritatis
1200 3527 1367 3588 auctorum
1383 3521 1517 3588 criteria.

874 3744 902 3826 a.
922 3744 993 3811 ror.

366 3879 392 3930 Ι.
417 3879 551 3934 Nullum
565 3882 698 3944 cogitari
710 3883 817 3946 potest
828 3881 999 3942 motivum,
1021 3894 1083 3941 quo
1096 3880 1138 3932 N.
1151 3879 1185 3931 ¹1¹.
1199 3882 1344 3932 auctores
1356 3879 1398 3932 ed
1409 3879 1502 3930 fidem

703 3965 892 4018 laedendam
911 3967 1018 4016 essent
1033 3966 1165 4017 seducti.

410 4119 490 4184 Cum
507 4136 598 4184 nemo
614 4119 714 4201 gratis
729 4118 857 4186 mentiri
872 4123 929 4183 aut
942 4117 1088 4185 fraudem
1103 4119 1302 4185 committere
1317 4118 1434 4198 soleat,
1457 4119 1537 4181 certe

324 4205 420 4270 etiam
443 4207 591 4270 auctores
606 4203 643 4268 N.
660 4204 694 4269 T.
710 4205 833 4270 nonnisi
855 4203 1011 4286 peculiari
1031 4205 1149 4271 motivo
1171 4205 1260 4270 ducti
1282 4204 1314 4270 in
1336 4202 1536 4268 relationibus

323 4292 389 4356 suis
404 4289 500 4356 fidem
514 4290 694 4356 violassent.
726 4290 847 4356 Motiva
861 4309 945 4370 vero,
962 4288 1078 4372 quibus
1092 4290 1235 4357 homines
1250 4291 1292 4355 ad
1306 4288 1402 4355 fidem
1416 4287 1536 4353 laeden-

325 4446 524 4454 -ο-κ-

393 4529 402 4562 ¹
420 4525 474 4580 ctr.
491 4543 515 4580 v.
527 4543 553 4595 g.
570 4524 622 4578 Mr.
641 4524 665 4591 1,
684 4524 760 4578 4-8.
778 4539 840 4578 cum
851 4524 900 4578 Mt.
913 4523 938 4589 3,
956 4525 1048 4579 1-12.
1061 4531 1089 4580 et
1098 4525 1165 4580 Luc.
1177 4526 1202 4591 3,
1219 4525 1326 4593 1-17.;
1346 4525 1398 4580 ΜΓ.
1411 4523 1433 4588 1,
1447 4523 1486 4577 12.
1498 4521 1534 4576 13.

325 4593 385 4651 coll
398 4609 459 4652 cum
469 4595 519 4651 Mt.
531 4595 556 4660 4,
569 4595 662 4648 l-ll.
674 4598 702 4654 et
712 4593 778 4656 Luc.
791 4593 816 4659 4,
829 4593 936 4662 1-·13.;
947 4592 996 4658 Mt.
1009 4593 1034 4660 8,
1046 4594 1138 4650 5-13.
1152 4610 1213 4650 cum
1224 4594 1290 4651 uua.
1304 4593 1431 4660 7,,1-10.
