3356 5176
801 283 1064 348 „gg-

321 471 393 519 esse
413 458 552 533 quatuor
571 453 735 535 evangelia
753 457 864 517 nostra
885 473 942 519 ceu
964 459 1074 540 partes
1097 454 1191 518 unius
1213 455 1323 534 totius,
1348 455 1552 535 evangelium

322 538 544 620 quatrilormo,
567 557 628 602 usu
649 539 798 618 loquendi
813 539 1106 620 antiquissimorum
1121 545 1271 620 patrum¹
1295 544 1328 604 et
1341 541 1415 604 inde
1430 540 1551 621 proha-

322 630 389 703 tnr,
413 625 499 704 quod
515 643 539 688 s.
556 625 699 704 Ignatius
722 625 754 688 in
775 624 882 688 citatis
904 625 970 690 suis
986 625 1196 707 cognitionem
1213 626 1449 714 euangeliorum
1465 626 1553 690 Mat-

322 709 425 789 thaei,
456 711 562 774 Lucae
583 714 615 773 et
637 709 769 773 Joannis
789 710 905 791 prodit.
950 711 1014 776 Per
1035 711 1271 792 expressionem
1292 710 1480 790 ἀπόστολος
1502 711 1556 775 vel

324 791 504 862 ἀπόστολοι
525 795 647 874 antiqui
667 799 777 874 patres
800 795 968 877 designare
989 796 1092 862 solent
1114 796 1250 861 alteram
1266 796 1461 862 collectionis
1476 816 1554 878 par-

323 886 397 959 tem,
408 881 498 960 quus
509 885 616 944 tamen
628 879 767 944 ambitus
778 900 837 960 pro
845 880 986 946 locorum
998 901 1036 946 ao
1048 886 1228 962 temporum
1240 882 1427 947 diversitate
1438 882 1555 945 varius

325 971 407 1044 erat;
424 985 522 1046 quum
536 984 612 1029 vero
628 983 652 1029 s.
665 965 810 1046 Ignatius
825 965 941 1046 plurali
954 964 1163 1048 (ἀπόστολοι)
1175 971 1296 1046 utatur,
1313 986 1466 1032 canonem
1484 968 1556 1049 ejus

324 1057 452 1133 praeter
467 1050 612 1131 paulinas
627 1050 717 1130 prius
733 1050 882 1115 collectas
897 1052 1032 1117 aliorum
1048 1053 1145 1118 etiam
1154 1053 1381 1134 Apostolorum
1397 1052 1557 1133 epistolas

326 1137 534 1214 continuisse,
557 1135 672 1200 merito
693 1135 884 1217 colligitur.2
930 1137 1074 1202 citatas.
1090 1139 1221 1222 Ignatii,
1236 1162 1260 1200 a.
1279 1137 1445 1202 Clementia
1461 1139 1556 1200 Rom.

326 1228 359 1287 et
373 1247 396 1284 s.
412 1221 591 1305 Ροίμτσαμά
604 1239 674 1286 sese
695 1223 869 1286 extendunt
889 1224 931 1287 ad
951 1223 1104 1304 epistolas
1125 1242 1148 1287 s.
1164 1223 1272 1303 Pauli,
1296 1223 1435 1304 exceptis
1453 1223 1497 1286 ΙΙ.
1514 1223 1557 1287 ad

325 1307 415 1386 Tim,
430 1308 473 1371 ad
481 1307 587 1370 Titum
603 1310 636 1372 et
651 1307 692 1370 ad
701 1306 931 1388 Philemonem;
945 1309 979 1373 in
989 1309 1151 1374 Clemente
1165 1312 1335 1389 praeterea
1347 1309 1559 1373 inveniuntur

324 1393 387 1458 loci
408 1411 446 1457 ex
465 1411 513 1473 ep.
535 1411 558 1456 s.
575 1393 595 1456 J
597 1391 701 1471 aoobi;
723 1392 756 1456 in
771 1392 948 1475 Polycarpo
968 1399 1001 1459 et
1015 1394 1116 1476 Papia
1137 1414 1154 1459 e
1169 1395 1193 1458 Ι.
1209 1393 1298 1460 Petri
1321 1395 1392 1460 etl.
1408 1395 1557 1473 loannis,

325 1479 372 1542 ita
394 1484 431 1542 ut
452 1478 511 1542 has
534 1476 687 1558 epistolas
710 1473 908 1558 ἀποστόλοις
930 1499 954 1544 s
977 1480 1094 1561 Ignatii
1116 1480 1236 1544 addere
1260 1479 1369 1559 liceat3
1395 1479 1558 1544 accedunt

327 1563 464 1643 denique
479 1561 650 1628 allusiones
665 1563 707 1627 ad
719 1567 792 1628 acta
799 1563 1026 1645 Apostolorum
1038 1566 1124 1647 apud
1134 1564 1329 1630 Clementem
1341 1570 1374 1630 et
1381 1565 1558 1646 Ignatium,

327 1649 369 1712 ad
391 1649 596 1730 apocalypsin
619 1648 751 1713 Joannis
773 1649 806 1713 in
828 1654 958 1729 pastore
979 1652 1128 1716 Hermae.
1175 1651 1325 1716 Ceterum
1348 1669 1418 1714 cum
1441 1655 1559 1730 patres

328 1740 430 1815 apost.
452 1752 556 1814 pauca
579 1735 816 1799 conscriberent
838 1736 1000 1816 opuscula,
1022 1736 1122 1801 libros
1143 1736 1182 1800 N.
1204 1737 1239 1800 F.
1263 1756 1325 1800 non
1348 1756 1385 1801 ex
1406 1735 1558 1816 professo

328 1825 563 1899 enumerarem,
588 1820 646 1884 sed
665 1820 807 1902 singulos
829 1822 953 1886 nonnisi
973 1823 1050 1886 data
1069 1822 1234 1887 occasione
1254 1826 1559 1887 commemorarent:

329 1925 367 1970 ex
388 1904 514 1970 delectu
535 1905 704 1970 mentionis
725 1906 865 1987 plurium
883 1907 1039 1972 librorum
1061 1926 1224 1972 sacrorum
1239 1907 1388 1989 colligere
1402 1905 1497 1972 nefas
1513 1905 1529 1970 f
1547 1941 1560 1951 -

253 2030 256 2036 -
328 1997 392 2069 ret,
416 1990 512 2056 hosce
527 1991 560 2054 in
576 2010 695 2056 canone
709 1991 837 2056 illorum
850 1997 979 2074 patmm
995 1997 1051 2058 aut
1067 1993 1287 2072 ecclesiarum,
1310 1992 1427 2073 quibus
1441 2011 1560 2072 praee·

328 2081 402 2140 rant
416 2077 562 2157 magistri
577 2095 614 2141 ac
629 2077 736 2157 ducos,
752 2078 846 2158 plane
861 2078 1010 2145 dehrisse.

860 2421 863 2426 ¹
889 2349 917 2431 ξ.
940 2351 990 2416 23.

783 2484 814 2552 ο)
834 2485 944 2537 Canon
963 2500 1045 2538 saec.
1058 2487 1100 2538 11.

724 2604 751 2669 α)
783 2601 809 2656 S.
832 2601 961 2656 Justini
987 2602 1160 2672 Martyris.

417 2758 525 2822 Medio
541 2776 622 2822 saec.
639 2758 679 2820 ll.
697 2776 797 2823 canon
811 2783 835 2822 a
845 2759 1027 2838 ἀαοοάοάλλ,
1044 2759 1099 2840 qui
1114 2759 1245 2824 arctiori
1259 2758 1291 2822 in
1306 2771 1389 2824 nexu
1405 2777 1479 2822 cum
1495 2759 1562 2840 pri·

333 2844 442 2908 mariis
464 2843 595 2908 orientis
615 2849 647 2908 et
666 2844 842 2909 occidentis
865 2844 1007 2910 ecclesiis
1029 2844 1154 2925 positus
1177 2849 1265 2931 erat,
1278 2844 1345 2909 fere
1367 2844 1563 2908 universahs

332 2930 433 2994 totius
453 2929 606 2994 ecclesiae
627 2928 794 2994 habendus
814 2936 871 2995 est.
916 2930 1062 2995 Justinus
1078 2931 1144 3012 jam
1159 2929 1192 2993 in
1206 2935 1345 3010 utroque
1361 2928 1515 3011 apologia
1531 2937 1563 2994 et

332 3016 365 3079 in
381 3015 507 3096 dialogo
524 3033 594 3080 cum
611 3015 784 3096 Tryphone
795 3016 920 3081 Judaeo
935 3015 1054 3094 fontes,
1078 3015 1226 3096 equibus
1242 3015 1408 3080 historiam
1423 3034 1563 3097 evange-

333 3101 426 3164 licam
442 3100 598 3178 hauserit,
620 3100 808 3181 plerumque
824 3101 970 3182 designat
985 3120 1043 3180 per
1058 3097 1377 3190 ἀπομνημονεύματα
1392 3102 1459 3165 τῶν
1476 3097 1561 3166 ἀπο-

334 3185 458 3251 στόλων
469 3183 702 3264 (memorabilia
709 3186 959 3267 Apostolonrm),
977 3205 1059 3266 quae
1070 3191 1177 3251 tamen
1189 3187 1287 3250 etiam
1303 3185 1489 3269 εὐαγγέλια,
1506 3190 1565 3250 aut

336 3270 500 3335 collective
511 3267 697 3354 εάαγγέλιον
708 3271 874 3336 nominat.⁸
899 3272 1063 3336 lustinum
1074 3277 1184 3335 nostra
1195 3271 1373 3352 intelligere
1385 3271 1563 3352 evangeha,

335 3357 409 3420 inde
423 3360 524 3437 patet,
540 3356 627 3436 quod
642 3352 754 3440 ἀπομν
774 3358 963 3442 μαντεύματα
980 3357 1014 3438 α)
1030 3356 1082 3421 die
1097 3356 1173 3421 solis
1188 3375 1252 3420 una
1267 3375 1338 3421 cum
1349 3356 1520 3437 prophetis
1531 3357 1564 3420 in

336 3441 543 3507 conuentibus
560 3441 659 3505 sacris
674 3441 738 3522 legi
778 3442 865 3521 'cit;⁴
880 3442 912 3524 b)
928 3443 967 3504 αό
979 3441 1140 3526 Apostolus
1155 3456 1182 3505 et
1197 3465 1300 3504 οοταατ
1316 3441 1483 3524 discipulis
1500 3442 1564 3506 ori-

338 3677 442 3745 Smym.
460 3692 482 3729 c.
496 3676 519 3729 7.
545 3682 663 3762 Ῑζρέπον
675 3675 726 3732 οὖν
739 3680 816 3733 ἐστὶν
890 3682 1040 3749 προσέλειν
1053 3684 1112 3740 τοῖς
1129 3676 1302 3748 προφήταις,
1321 3679 1466 3745 ἐξαιρέτως
1478 3678 1512 3756 ἀὲ
1525 3678 1566 3746 τῷ

337 3745 494 3833 εὐαγγελίῳ,
508 3747 537 3798 έν
551 3768 572 3816 ῳ
591 3745 622 3799 τὸ
640 3745 737 3802 πόθον
749 3748 817 3821 ἡμῖν
830 3744 983 3834 δεδήλωται
996 3751 1040 3829 ναὶ
1052 3745 1068 3813 ἡ
1082 3743 1234 3834 ἀνάστασις
1252 3750 1431 3829 τετολείαατττι,Ι
1457 3744 1527 3831 ibid.
1541 3760 1563 3797 c.

337 3816 361 3868 5.
379 3819 434 3875 Ους
445 3834 496 3898 ουκ
510 3816 626 3897 iustoci}
638 3819 667 3867 al
679 3822 857 3900 ⁷¹(30soff‘53e
872 3817 925 3869 ovd
947 3833 1070 3899 ονομος,
1088 3819 1137 3868 αλλ
1161 3815 1227 3868 ουδὲ
1239 3820 1323 3885 μέχρι
1335 3832 1387 3868 ναν
1400 3833 1432 3866 το
1446 3818 1564 3885 εααγγέ-

339 3884 1188 4037 ω,ολααοαοελααλγονναῑοομ
1201 3952 1380 4009 aaut
1393 3946 1443 4002 a

339 4018 386 4073 ἀιά
399 4037 427 4072 τε
442 4021 498 4074 τῶν
511 4019 680 4087 προφητῶν,
699 4017 746 4074 διά
758 4041 791 4073 τε·
802 4020 852 4074 τοῦ
866 4024 1026 4088 συαγγελίου
1038 4024 1085 4072 καὶ
1097 4019 1145 4072 ἀνα
1158 4019 1214 4072 τῶν
1225 4023 1370 4088 μακαρίων
1383 4015 1563 4082 ἀποστόλων,

339 4084 529 4155 πολυτρόπως
539 4092 585 4140 καὶ
598 4089 763 4159 πολυμερῶς
774 4089 803 4147 ἐξ
813 4086 900 4158 ἀρχῆς
912 4091 950 4147 εἰς
964 4091 1042 4147 τέλος
1053 4084 1213 4155 ἡγούμενον
1226 4087 1275 4152 τῆς
1286 4083 1423 4154 γνώσεως.

360 4225 366 4235 ι
408 4157 419 4189 ²
437 4154 492 4209 Gir.
505 4154 648 4273 Thilersch:
668 4154 792 4208 Versuch
804 4172 852 4209 zur
863 4154 1038 4222 Herstellung
1054 4154 1101 4208 des
1114 4153 1291 4207 historischen
1304 4152 1508 4219 Standpunktes
1520 4153 1565 4207 fiir

340 4222 1312 4368 <¹¹⁹hisatium?tarataucseaeant,au
1326 4287 1489 4345 αοοαο
1514 4309 1565 4357 ο,-

341 4360 528 4433 μονεύμασι-ν,
541 4357 558 4414 ἅ
569 4363 691 4414 καλεῖται
705 4357 856 4431 εὐαγγέλια,
871 4357 960 4421 οὕτως
973 4359 1137 4428 παρέδωκαν
1149 4363 1171 4413 λ.
1190 4356 1261 4411 Dal.
1274 4373 1296 4410 c.
1310 4357 1351 4410 10.
1367 4355 1463 4430 Ὺμῶν
1495 4358 1566 4438 ina}

342 4427 375 4516 a}
392 4430 423 4484 ἒν
443 4432 482 4499 τῷ
498 4431 641 4500 λεγομένῳ
658 4425 807 4499 εὐαγγελίῳ
825 4431 1043 4502 παραγγέλματα
1062 4431 1206 4501 θαυμασία
1222 4430 1246 4479 λ.
1271 4441 1294 4479 c.
1313 4425 1371 4480 100.
1396 4431 1450 4482 Kal
1471 4427 1503 4480 ἔν
1526 4446 1564 4495 τῳ

342 4502 493 4620 marici&
504 4499 538 4641 ff}
545 4502 841 4640 ζόόρόῗίόῖιλεγομένῃ
858 4562 948 4637 ἡμέρᾳ
966 4560 1082 4620 πόντων
1098 4560 1167 4617 κατὰ
1178 4559 1277 4623 πόλεις
1287 4565 1333 4616 καλ
1344 4559 1447 4633 ἀγροὺς
1457 4560 1564 4635 μενόν-
