3364 5156
571 263 574 268 ¹
639 348 707 357 --
749 311 813 375 253
857 347 923 353 ---

163 490 354 565 peccantes3
370 488 486 564 monet,
501 488 538 547 ut
552 481 670 546 nemini
685 481 753 546 sine
768 484 918 546 accurato
934 482 1078 547 examine
1092 481 1269 562 praemisso
1280 501 1393 549 manus

163 571 319 650 imponat,
334 576 372 632 ut
387 569 569 633 castitatem
585 567 719 632 sollicite
734 573 856 646 servet,
874 571 958 632 11111
973 566 1013 632 ob
1029 565 1213 648 frequentes
1228 567 1393 634 infirmita·

161 661 216 720 tes
231 655 357 719 modico
372 654 444 718 vino
459 659 578 718 utatur.

254 739 330 820 Cap.
347 740 376 802 6.
406 740 500 804 docet
514 737 704 819 Apostolus,
723 738 883 818 quomodo
897 737 1084 802 instituendi
1107 739 1204 816 servi3
1226 744 1264 801 ut
1284 758 1393 804 omnes

166 824 342 890 Christiani
363 823 573 890 sufficientiae
595 822 746 888 studeant
766 822 915 887 hortatur
940 829 973 887 et
998 823 1166 887 avaritiam
1193 822 1332 904 fugiant,
1361 830 1393 890 et

164 910 370 974 Timotheum
384 910 574 988 obtestatur,
589 914 626 973 ut
639 907 767 973 fortiter
782 914 883 974 certet
898 914 1067 987 certamen,
1084 908 1199 972 divites
1214 909 1257 972 ad
1269 915 1392 974 rectum

165 997 352 1060 divitiarum
366 1014 460 1059 usum
484 995 616 1072 excitet,
642 992 718 1057 fidei
743 993 926 1074 depositum
953 1002 1074 1072 servet,
1100 1012 1182 1058 nova
1206 993 1288 1058 vitet
1313 995 1392 1076 dog-

164 1087 255 1229 malta
271 1085 303 1144 et
317 1081 512 1162 objectiones
533 1099 550 1144 e
570 1078 671 1144 falsae
690 1078 910 1160 philosophiae
931 1079 1095 1159 principiis
1117 1079 1237 1159 petitas
1258 1079 1391 1161 rejiciat.

167 1167 211 1230 Sa
223 1166 336 1229 utatio.

253 1252 303 1314 Ob
318 1256 542 1332 argumentum
564 1269 657 1314 suum
678 1248 814 1328 epistola
836 1249 930 1328 haec,
957 1249 1058 1313 altera
1079 1249 1123 1328 ad
1137 1248 1344 1313 Timotheum·
1360 1256 1392 1314 et

164 1335 221 1400 illa
236 1337 279 1400 ad
294 1335 402 1399 Titum
418 1335 572 1417 epistolae
588 1355 612 1399 s.
628 1334 721 1399 Pauli
735 1333 914 1415 pastorales
930 1334 1087 1398 dicuntur.

162 1639 167 1642 ,
720 1555 747 1637 s.
767 1556 838 1621 165.

159 1705 163 1709 ·
277 1691 938 1754 1111111111111οοοῑ.1ᾱ“1“111ο111111111
951 1691 1085 1753 epistola
1097 1691 1219 1752 scripta
1232 1691 1281 1740 sit.
1383 1723 1384 1726 =
1500 1717 1508 1744 0

254 1847 281 1909 1.
311 1844 357 1909 Ut
372 1864 390 1910 e
406 1846 440 1926 l,
457 1847 485 1910 3.
500 1850 607 1927 patet,
628 1845 760 1930 epc‘stolc
778 1845 855 1908 baec
878 1855 1009 1906 exarato
1029 1856 1087 1924 ast,
1110 1866 1206 1927 quam
1220 1842 1390 1927 Apostolus

168 1929 325 1994 Timotheo
340 1929 463 2014 Ephesi
471 1933 578 1995 relecto
599 1955 638 1994 esc
656 1931 714 1994 hac
735 1931 858 1992 orbitate
877 1931 911 1992 cb
927 1928 1149 2016 Macedoniam
1169 1929 1277 1991 obiret.
1315 1928 1390 1993 Jam
1481 1967 1485 1974 ·

163 2015 616 2095 1111111111101120,
640 2019 666 2080 1.
690 2015 857 2093 discimus,
885 2033 908 2078 s.
931 2014 1068 2078 Paulum
1093 2015 1126 2078 in
1151 2014 1247 2078 tertio
1274 2013 1389 2079 itinere
1515 2021 1517 2024 ’

163 2100 342 2182 apostolico
363 2106 438 2181 post
461 2101 633 2165 tumultum
655 2101 852 2166 aDemetrio
875 2099 1056 2180 argentario
1073 2099 1245 2164 excitatum
1260 2099 1389 2179 Epheso

163 2188 346 2268 digressum
365 2187 397 2250 in
417 2187 636 2251 Macedoniam
659 2205 694 2251 se
716 2184 897 2250 contulisse.
932 2184 969 2249 lu
990 2185 1050 2249 hoc
1073 2203 1148 2265 crgo
1167 2185 1281 2249 itinere
1304 2185 1388 2248 circa

158 2271 282 2336 festum
304 2275 506 2350 pentecostes
526 2272 670 2336 11111157.
692 2271 863 2353 ¹epistolam
881 2271 963 2334 hanc
983 2271 1016 2334 in
1031 2270 1221 2344 Macedonia
1235 2270 1389 2350 scriptam
1483 2325 1487 2333 .

162 2375 237 2422 esse
251 2357 360 2437 plures
376 2363 514 2421 censent.
547 2356 631 2420 Huic
645 2357 824 2421 sententiae
838 2376 901 2420 non
916 2356 1009 2420 obest
1023 2356 1152 2436 quidem
1167 2356 1238 2419 Act.
1257 2356 1312 2434 10,
1328 2357 1389 2434 22,

162 2442 221 2506 ubi
235 2447 309 2506 ante
323 2442 413 2506 illurn
427 2443 600 2506 tumultum
611 2441 808 2522 Ephesinum
820 2441 1005 2506 Timotheus
1021 2459 1092 2506 cum
1103 2440 1220 2506 Erasto
1235 2441 1267 2505 in
1283 2441 1389 2505 Mace

162 2528 301 2606 doniam,
316 2527 379 2592 imo
396 2528 464 2592 coll.
480 2528 504 2592 l.
522 2527 697 2606 Cor.4,17.
722 2527 910 2592 Corinthum
923 2546 1027 2608 usque
1042 2527 1159 2590 missus
1176 2545 1247 2591 esse
1261 2526 1388 2608 legitur,

161 2631 268 2693 neque
283 2612 323 2675 ll.
340 2612 410 2678 Cor.
427 2615 455 2692 1,
473 2615 500 2676 1.
530 2615 619 2678 Rom.
637 2613 686 2692 16,
702 2614 752 2676 21.
768 2618 801 2677 11
816 2613 886 2676 Act.
901 2613 952 2692 20,
967 2615 1012 2693 A,
1027 2612 1083 2676 ubi
1099 2612 1286 2683 Timotheus
1301 2612 1390 2696 apud

161 2697 355 2778 Apostolum
370 2699 402 2760 in
418 2699 607 2764 Macedonia
622 2704 655 2762 et
671 2698 814 2763 Corinthi
828 2716 998 2780 praesem,
1022 2704 1055 2762 et
1071 2698 1174 2763 serius
1187 2699 1272 2762 inter
1294 2698 1390 2762 111111-

160 2789 212 2848 111
228 2784 298 2864 eJ'us
315 2803 352 2847 ex
366 2783 492 2848 Achaia
503 2803 562 2865 per
576 2784 796 2847 Macedoniam
805 2781 939 2847 ,reducis
958 2781 1058 2846 fuisse
1079 2789 1245 2860 narratum
1272 2783 1389 2846 etenim

161 2869 219 2933 11.
237 2867 308 2932 Cor.
326 2869 382 2947 16,
401 2870 448 2933 10.
466 2871 515 2932 11.
532 2875 655 2933 certum
671 2872 729 2946 est,
745 2868 882 2931 Paulum
897 2867 1055 2932 Timothei
1070 2868 1208 2933 reditum
1223 2872 1298 2931 ante
1312 2886 1389 2948 pen-

160 2959 305 3018 tecosten
320 2953 441 3034 Ephesi
464 2959 683 3034 exspectasse,
711 2958 744 3016 et
764 2952 827 3016 iter
842 2951 1010 3031 Corintho,
1037 2952 1092 3016 ubi
1108 2951 1294 3016 Timotheus
1314 2957 1389 3016 ante

159 3038 280 3103 festum
301 3038 453 3118 paschale
474 3040 664 3116 advenerat,
690 3037 854 3118 Ephesum
875 3055 934 3117 per
953 3037 1172 3102 Macedoniam
1195 3036 1309 3100 diebus
1332 3037 1389 3099 tri·

160 3123 260 3204 ginta,
276 3125 350 3187 navi
364 3142 440 3188 vero
456 3124 569 3188 diebus
582 3123 721 3188 sedecim
733 3122 856 3187 absolvi
867 3123 1021 3202 potuisse.
1044 3123 1218 3187 Praeterea
1230 3121 1390 3202 potuisset

160 3208 349 3272 Timotheus
363 3209 503 3289 peractis
518 3208 715 3290 gravissimis
730 3207 852 3288 Ephesi
866 3207 1003 3288 negotiis
1020 3227 1037 3272 e
1053 3226 1150 3272 causa
1168 3208 1260 3272 uobis
1280 3207 1389 3288 ignota

158 3293 352 3374 Apostolum
372 3294 404 3357 in
426 3295 647 3359 Macedoniam
669 3294 776 3374 sequi,
803 3294 889 3374 apud
911 3312 983 3358 eum
1006 3293 1135 3372 adesse,
1162 3311 1261 3374 quum
1282 3293 1323 3356 ll.
1346 3292 1389 3355 ad

160 3377 343 3443 Corinthios
359 3379 495 3460 epistola
510 3379 720 3458 scriberetur,
740 3379 815 3444 inde
830 3379 862 3442 in
877 3379 1031 3444 Achaiam
1047 3384 1080 3444 et
1094 3398 1152 3460 per
1166 3377 1387 3443 Macedoniam

113 3514 115 3520 .
158 3463 192 3530 in
206 3463 321 3527 Aciam
338 3465 483 3528 comitari
498 3466 680 3529 reducem.l
695 3500 738 3508 -
1381 3501 1385 3516 ›

245 3549 318 3612 Etsi
332 3549 412 3614 haec
427 3551 537 3630 negari
552 3550 638 3613 baud
653 3553 804 3629 possunt,
825 3549 872 3613 illi
887 3554 995 3614 tamen
1017 3548 1171 3629 temporis
1194 3547 1386 3612 determina-

157 3632 237 3696 tioni
251 3633 362 3698 obstat
373 3635 475 3714 ipsius
491 3634 646 3716 epistolae
661 3635 684 3697 l.
701 3634 743 3698 ad
759 3633 837 3697 Tim.
854 3635 888 3712 3,
906 3634 954 3698 14.
972 3634 1021 3696 15.
1036 3633 1073 3712 4,
1090 3634 1155 3712 13.,
1171 3633 1228 3696 ubi
1243 3633 1383 3713 Aposto-

156 3717 208 3781 lus
222 3719 423 3800 propositum
439 3738 532 3783 suum
546 3719 744 3798 manifestat,
767 3724 898 3798 peracto
912 3719 973 3783 hoc
986 3718 1101 3782 itinere
1120 3717 1259 3782 breviori
1273 3717 1380 3799 Ephe-

159 3821 231 3868 sum
253 3805 453 3882 revertendi3
475 3805 542 3885 Jam
557 3823 633 3869 vero
649 3804 718 3869 coll.
734 3804 804 3867 Act.
823 3804 878 3882 19,
896 3805 946 3866 21.
964 3821 1036 3867 cum
1052 3803 1075 3866 l.
1093 3802 1164 3867 Cor.
1182 3804 1238 3884 16,
1253 3804 1284 3867 4.
1301 3821 1388 3884 seqq.
1425 3803 1426 3806 ’

158 3887 280 3952 Paulus
301 3889 334 3952 in
356 3889 453 3954 tertio
474 3890 589 3954 itinere
609 3895 684 3953 ante
706 3888 882 3953 discessum
905 3906 999 3952 suum
1013 3888 1141 3969 Epheso
1163 3907 1222 3968 per
1237 3889 1386 3952 Macedo-

155 3973 243 4037 niam
257 3973 289 4037 in
300 3974 454 4038 Achaiam
469 3975 567 4053 abire,
582 3975 656 4038 inde
664 3972 919 4053 Hierosolymam
933 3980 1045 4054 petere
1060 3978 1093 4038 et
1107 3974 1236 4038 demum
1251 3975 1386 4038 Romam

156 4056 317 4138 proficisci
342 4059 403 4123 sibi
427 4059 608 4140 proposuit,
636 4065 668 4124 et
692 4059 893 4140 propositum
917 4058 1015 4124 hocce
1041 4058 1282 4136 1111111120,
1307 4059 1337 4121 2.
1358 4059 1387 4122 3.

155 4161 270 4208 revera
285 4149 454 4208 exsecutus
470 4149 534 4223 est,
558 4144 605 4208 ita
626 4149 747 4222 tamen,
773 4149 810 4206 ut
826 4142 978 4209 Corintho
997 4163 1060 4208 non
1082 4145 1203 4208 directe
1226 4143 1258 4207 111
1273 4143 1385 4206 Asiam

157 4229 338 4310 navigaret,
363 4230 420 4294 sed
436 4229 476 4293 ob
492 4229 690 4294 ludaeorum
705 4229 958 4311 conjurationem
973 4247 1032 4309 per
1047 4227 1268 4292 Macedoniam
1282 4246 1389 4292 rever·

156 4320 290 4378 teretur.
335 4313 372 4378 In
386 4313 441 4378 illo
456 4315 567 4394 itaque
581 4315 696 4379 itinere
712 4314 848 4394 epistola
863 4320 975 4378 nostra
989 4314 1086 4379 scribi
1101 4314 1152 4378 vix
1166 4312 1282 4393 potuit.

243 4400 272 4462 2.
302 4398 366 4462 Alii
382 4404 538 4478 statuunt,
554 4399 724 4479 epistolam
738 4399 820 4463 hauc
835 4399 988 4480 scriptam
1004 4418 1075 4464 esse
1087 4400 1166 4462 ieter
1178 4398 1388 4482 captivitatem
1448 4401 1449 4404 ’

160 4520 367 4529 ’.ψ-.-

228 4588 237 4617 ¹
256 4583 311 4637 cfr.
323 4583 398 4652 Hug:
418 4583 576 4651 Einleitung
589 4581 623 4634 Π.
636 4583 695 4635 377.
