3364 5156
661 305 725 313 -
773 267 835 333 aaa
880 303 959 352 -,

189 440 382 507 numerabat
401 439 507 505 urbes.
552 439 694 505 Deorum
714 440 821 521 patria
841 439 916 504 olim
938 438 1100 506 celebrata
1114 441 1314 522 sapientibus
1328 442 1419 508 insti·

188 527 270 594 tutis
293 530 475 592 exterorum
497 525 742 590 admirationem
765 524 942 606 excitabat,
965 525 1023 591 sed
1042 525 1165 591 incolae
1186 526 1226 591 ob
1250 527 1418 608 luxuriam,

187 612 362 695 pigritiam,
385 611 633 677 mendacitatem
656 617 688 676 et
709 609 933 676 infidelitatem
955 611 1095 692 pessima
1118 612 1303 693 gaudebant
1324 612 1418 694 fama,

186 699 235 764 ita
249 703 288 763 ut
301 693 473 786 κρητίζειν,
496 696 686 786 ψεύδεσθαι
703 703 735 763 11
751 693 883 786 ἀπατᾷν
898 701 1007 762 111111
1021 715 1211 778 synonyma,
1234 704 1267 763 et
1282 703 1319 763 ut
1332 699 1419 780 Apo-

188 785 292 849 stolus
307 787 424 863 poetae
440 800 550 847 eorum
564 782 783 847 testimonium
803 780 1037 848 111111111111.1
1067 781 1164 847 Creta
1179 801 1262 848 anno
1278 784 1328 848 66.
1344 789 1419 849 ante

191 869 247 934 Ch.
263 869 296 933 in
312 867 508 948 provinciam
519 868 696 932 Romanam
711 869 843 933 redacta
859 873 917 948 est,
934 872 967 933 et
981 868 1022 933 ab
1034 867 1182 949 Augusto
1193 869 1315 950 Libyae
1331 888 1419 950 cyre-

190 955 302 1020 naicae
317 954 437 1018 addita.
467 954 504 1017 ln
519 953 579 1017 hac
593 953 699 1018 insula
713 953 832 1019 multos
846 953 1011 1018 habitasse
1031 954 1190 1033 ludaeos,
1213 954 1385 1019 edocemur
1400 978 1420 1016 o

189 1039 324 1103 Philone
338 1039 393 1102 Al.
410 1051 438 1102 11
452 1038 585 1122 Jooepho
601 1037 753 1120 111111·ο,·2
773 1039 871 1103 iidem
891 1057 967 1103 vero
982 1058 1045 1102 non
1063 1045 1189 1118 tantum
1209 1059 1333 1104 morum
1350 1058 1420 1105 cor-

189 1123 358 1205 ruptionis,
383 1141 466 1204 quae
480 1123 565 1188 inter
581 1123 752 1189 Cretenses
773 1123 912 1205 vigebat,
935 1123 1109 1205 participes
1125 1129 1225 1205 erant,
1249 1125 1420 1190 sedetiam

188 1209 411 1291 philosophiae
432 1209 478 1274 sic
497 1209 603 1274 dictae
624 1209 772 1274 orientali
787 1209 890 1274 dediti
905 1210 945 1274 de
960 1209 1067 1274 altiori
1082 1209 1216 1274 scientia
1231 1209 1350 1292 (gnosi)
1366 1228 1419 1274 su-

188 1294 395 1376 perbiebant,
419 1300 452 1359 et
472 1313 586 1359 munus
602 1295 738 1360 docendi
752 1294 814 1359 sibi
829 1294 1025 1376 arrogabant
1039 1331 1082 1338 —
1096 1295 1201 1375 turpis
1216 1294 1296 1360 lucri
1313 1313 1418 1360 causa.

189 1379 331 1462 Spiritus
346 1397 370 1443 s.
387 1378 550 1445 effusionis
564 1379 647 1445 festo
667 1385 871 1461 pentecostes
892 1380 990 1444 etiam
1006 1380 1177 1445 Cretenses
1191 1379 1292 1444 fuisse
1306 1385 1417 1460 testes,

188 1465 259 1530 Act.
275 1466 306 1545 2,
324 1465 372 1528 11.
388 1464 537 1546 legimus,
553 1465 626 1529 hinc
637 1466 704 1546 Jam
720 1473 794 1531 ante
801 1465 895 1530 Pauli
909 1466 1181 1546 praedicationem
1195 1466 1297 1530 inhac
1311 1466 1417 1531 insula

189 1551 299 1632 plures
315 1556 372 1614 aut
386 1550 555 1630 pauciores
570 1549 670 1615 fuisse
679 1550 887 1630 Christianos,
905 1569 1085 1631 supponere
1095 1552 1185 1630 licet;
1201 1557 1253 1615 ast
1265 1551 1419 1617 ecclesiae

190 1637 319 1701 demum
333 1634 486 1700 fundatae
501 1640 610 1700 sunta
625 1637 725 1701 Paulo
740 1636 786 1700 ibi
799 1636 1015 1716 praedicante,
1033 1645 1065 1700 et
1081 1636 1210 1716 quidem
1225 1636 1257 1699 in
1272 1636 1419 1717 pluribus

190 1720 376 1787 civitatibus
392 1722 419 1800 1,
435 1721 465 1785 5.
496 1719 576 1785 Cum
591 1727 700 1786 autem
715 1721 890 1802 Apostolus
910 1721 943 1784 in
958 1721 1018 1786 hac
1032 1720 1137 1784 insula
1152 1720 1207 1784 diu
1223 1721 1342 1804 morari
1356 1740 1420 1785 non

189 1811 310 1888 posset,
334 1806 442 1870 Titum
456 1805 501 1869 ibi
517 1806 656 1887 reliquit,
679 1807 735 1888 qui
749 1825 830 1887 opus
844 1812 994 1886 coeptum
1010 1811 1253 1886 consummaret,
1276 1811 1313 1869 ut
1328 1809 1420 1886 patet

190 1911 208 1957 e
225 1892 253 1972 1,
269 1892 313 1955 5.:
333 1890 527 1975 „Propterea
540 1892 660 1975 reliqui
672 1905 700 1954 11
715 1894 748 1954 in
766 1891 869 1973 Creta,
884 1903 979 1973 otoo,
996 1914 1076 1974 quae
1091 1890 1209 1970 (111111,
1226 1892 1375 1974 corriqaa,
1392 1902 1421 1954 ct

190 1978 359 2040 1111111111
367 1999 429 2061 per·
444 1977 582 2039 civitatee
594 1977 797 2060 presbyteros,
812 1978 895 2038 sicat
909 1989 937 2038 11
951 1997 1004 2062 eqo
1026 1975 1172 2059 disposui
1183 1975 1271 2038 o‘oi.“
1301 1975 1419 2052 Quam-

188 2061 238 2126 vis
253 2061 364 2141 itaque
380 2081 403 2126 s.
419 2061 540 2125 Paulus
555 2061 628 2126 Tito
640 2062 708 2142 jam
730 2068 880 2126 oretenus
902 2067 1076 2142 praecepta
1096 2060 1180 2125 hunc
1199 2061 1232 2124 in
1252 2059 1418 2126 1111111111-

189 2147 289 2225 derit,
312 2147 454 2227 gravitas
470 2153 577 2212 tamen
593 2147 733 2211 muneris
748 2147 780 2210 in
796 2164 869 2211 eum
883 2146 1033 2210 translati
1048 2146 1247 2211 occasionem
1261 2144 1418 2227 Apostolo

188 2231 348 2312 praebuit,
364 2232 472 2296 Titum
487 2251 547 2312 per
562 2232 730 2313 epistolam
745 2232 926 2296 accuratius
941 2232 1129 2310 instruendi,
1145 2237 1182 2295 ut
1196 2230 1332 2296 haberet
1343 2251 1418 2297 nor-

188 2336 283 2396 mam,
300 2335 383 2398 quae
399 2319 468 2398 ejus
483 2317 599 2399 agendi
614 2318 770 2383 rationem
785 2317 948 2398 dirigeret.

743 2487 771 2568 1.
791 2487 862 2551 111.

596 2623 831 2683 Argumentum
851 2623 1015 2684 epistolae.

271 2775 357 2856 Cap.
375 2777 404 2838 1.
435 2775 618 2839 Ρ111111111
632 2775 840 2855 inscriptione
856 2775 976 2839 solenni
991 2775 1124 2838 111-4.
1141 2776 1235 2840 docet
1244 2777 1421 2856 Apostolus

189 2861 315 2939 Titum,
338 2861 455 2940 quibus
478 2860 607 2924 dotibus
629 2860 770 2940 praediti
792 2877 863 2924 esse
885 2859 1024 2923 debeant
1047 2859 1189 2939 episcopi
1209 2859 1419 2943 (presbyteri)

188 2945 291 3010 relate
307 2952 375 3009 turn
391 2946 432 3008 ad
447 2963 562 3023 mores,
579 2951 648 3008 tum
663 2945 705 3008 ad
721 2944 895 3023 scientiam,
916 2951 954 3007 ut
968 2962 1078 3008 sanam
1094 2944 1272 3010 doctrinam
1288 2946 1419 3010 tradere

187 3034 221 3096 et
244 3031 446 3094 adversarios
471 3029 613 3095 rehrtare
634 3029 770 3109 valeant,
794 3049 892 3109 quum
913 3028 953 3093 ob
974 3029 1186 3093 universalem
1206 3049 1332 3094 morum
1347 3049 1417 3094 cor-

186 3117 370 3196 ruptionem
388 3114 589 3196 Cretensium
604 3115 697 3178 multi
713 3115 818 3194 etiarn,
839 3113 1012 3194 praecipue
1027 3113 1417 3179 Judaeo-christianorum

186 3201 253 3265 sint
268 3200 489 3265 inobedientes
506 3206 538 3264 et
552 3199 714 3280 vaniloqui
729 3200 833 3280 turpis
848 3199 929 3264 lucri
944 3199 1050 3280 gratia
1065 3199 1210 3280 ahosque
1224 3200 1416 3280 perturbari·
1462 3243 1464 3248 -

186 3292 247 3366 tes,
264 3303 345 3366 quos
361 3305 471 3350 severe
486 3286 653 3365 increpare
667 3285 825 3365 praecipit
839 3305 867 3348 v.
883 3284 998 3349 5-16.
1164 3363 1166 3368 Ι

275 3370 351 3450 Cap.
368 3373 396 3433 2.
414 3371 569 3449 ostendit,
594 3389 677 3450 quae
696 3371 871 3450 peculiaria
887 3369 992 3434 officia
1003 3371 1096 3451 Juxta
1112 3388 1222 3433 sanam
1237 3370 1415 3435 doctrinam

186 3456 285 3520 variis
300 3455 442 3520 fidelium
454 3455 625 3520 classibus:
641 3455 780 3534 senibus,
793 3455 973 3536 juvenibus
988 3455 1152 3533 matronis,
1168 3454 1415 3520 adolescentulis

188 3545 221 3605 et
242 3541 343 3605 servis
365 3540 558 3621 injungenda
581 3541 660 3619 sint,
683 3547 721 3603 ut
742 3559 850 3614 111111
865 3539 920 3603 fini
936 3540 1092 3603 adventus
1109 3539 1228 3603 Christi
1244 3545 1276 3603 et
1291 3541 1416 3605 redem-

187 3626 285 3690 tionis
300 3626 523 3705 respondeant.
568 3625 658 3690 Haec
676 3625 820 3690 docenda
836 3643 906 3689 esse
922 3630 1030 3688 monet
1045 3643 1116 3688 cum
1132 3624 1216 3689 omni
1231 3625 1365 3705 imperio
1381 3631 1415 3691 et

186 3711 390 3775 auctoritate.

275 3795 350 3876 Cap.
366 3796 394 3859 3.
411 3796 574 3873 hortatur,
597 3801 634 3858 ut
649 3794 741 3858 Titus
762 3798 893 3874 cunctos
908 3794 950 3857 ad
966 3793 1154 3873 obsequium
1169 3794 1414 3876 magistratibus

186 3882 285 3946 etiam
308 3880 442 3945 ethnicis
464 3880 527 3944 rite
548 3880 787 3959 praestandum,
811 3879 853 3943 ad
875 3879 1152 3943 mansuetudinem
1174 3881 1414 3945 et'modestiam

186 3985 264 4048 erga
280 3983 388 4030 omnes
404 3965 636 4029 observandam
652 3965 784 4044 excitet,
807 3983 905 4045 quum
927 3970 960 4028 et
979 3983 1037 4028 nos
1056 3964 1228 4044 aliquando
1249 3965 1413 4030 erroribus

186 4059 220 4117 et
236 4051 340 4117 carnis
355 4049 524 4114 desideriis
539 4050 714 4114 servientes
729 4069 791 4114 non
806 4049 945 4130 propriis
960 4049 1097 4128 meritis,
1121 4050 1178 4113 sed
1193 4050 1413 4114 misericordia

186 4136 294 4201 divina
314 4135 444 4214 salvati,
469 4140 501 4198 et
522 4135 696 4199 secundum
717 4153 807 4215 spem
821 4135 908 4199 vitae
923 4138 1073 4198 aeternae
1087 4134 1262 4214 participes
1276 4133 1355 4199 facti
1371 4135 1413 4198 si-

185 4241 274 4293 mus„
302 4220 499 4302 Adjungitur
513 4220 677 4299 monitum,
694 4220 810 4284 stultas
826 4219 1039 4300 quaestiones,
1055 4237 1180 4299 pugnas
1194 4218 1275 4300 legis
1291 4223 1412 4283 11111-

185 4307 346 4372 tentiones
361 4305 490 4370 inutiles
504 4303 660 4386 fugiendi,
682 4312 714 4369 et
728 4305 926 4371 haereticum
940 4303 1098 4368 hominem
1118 4307 1192 4383 post
1213 4322 1310 4368 unam
1332 4306 1412 4370 alte·

174 4445 181 4452 ’
224 4471 307 4526 111.
321 4430 465 4537 11111.
490 4469 1075 4539 11111111111111111111111111111.
1100 4468 1281 4538 111111.

221 4544 233 4576 ²
250 4540 328 4593 Philo
340 4539 420 4608 legat.
433 4539 467 4592 ad
480 4539 575 4607 Cajum
587 4544 649 4592 torn.
662 4539 696 4592 Π.
709 4556 735 4606 p.
748 4539 806 4593 181.
821 4539 876 4608 (ed.
913 4541 994 4607 ana),
1006 4537 1110 4593 Janl.
1124 4537 1157 4591 de
1169 4537 1306 4606 bellojud.
1318 4540 1411 4606 2,1,1.
