3314 5166
584 316 870 381 -137-

123 487 182 554 teo
207 491 257 554 est
284 487 468 554 immunitas
495 488 634 554 omnium
656 493 713 553 aut
727 487 874 568 plurium
896 486 1003 570 operis
1024 491 1300 552 monumentorum
1321 506 1341 552 a

123 573 292 640 mutatione
308 575 470 639 essentiali
484 579 615 655 praeter
629 573 770 640 auctoris
784 573 982 638 voluntatem
995 571 1090 639 factat.

200 659 422 741 integritatem
439 659 581 725 criticam
595 660 633 724 N.
650 659 685 724 T.
700 659 791 724 libris
805 659 960 724 vindicari
973 678 1036 723 non
1050 677 1155 739 posse,
1171 657 1341 722 lectionum

125 744 309 809 vadantium
336 745 538 812 collectiones
565 745 650 811 clare
676 745 863 823 ostendunt;
893 749 1052 827 quotquot
1077 744 1160 808 enim
1189 743 1342 809 lectiones

124 830 277 895 variantes
289 837 505 912 numerantur,
521 836 571 896 tot
582 831 700 895 adsunt
711 835 812 895 testes
824 830 1035 894 mutationum
1047 830 1079 893 in
1090 828 1129 893 N.
1142 829 1176 892 Τ.
1190 833 1340 894 ortarum.

122 913 235 980 Verum
249 915 468 998 integritatem
484 917 697 999 dogmaticam
711 915 814 980 textui
829 933 921 980 sacro
936 914 1180 980 adscribendam
1200 933 1287 994 esse,
1309 915 1342 979 in

123 1001 325 1082 sequentibus
340 1002 590 1067 demonstraturi
605 1019 723 1066 sumus.

201 1086 230 1149 2.
263 1087 446 1169 Integritati
461 1087 534 1152 libri
550 1087 722 1169 opponitur
735 1086 955 1168 interpolatio,
983 1089 1133 1167 quaeest
1153 1084 1289 1150 mutatio
1310 1085 1342 1149 in

124 1175 207 1235 textu
221 1171 308 1236 illius
323 1173 422 1238 invito
437 1178 569 1239 auctore
583 1173 677 1238 iacta.

198 1255 243 1320 Ut
266 1276 344 1323 vero
364 1259 550 1341 integritas,
575 1259 623 1324 ita
644 1263 677 1324 et
690 1258 895 1339 interpolatio
911 1256 1136 1339 distinguenda
1152 1259 1201 1321 est
1216 1255 1342 1336 duplex,

119 1342 176 1407 alia
189 1342 301 1408 latiori
317 1343 506 1426 significatu,
523 1345 684 1410 strictiore
698 1343 762 1408 alia
778 1343 987 1410 considerata.
1015 1341 1218 1427 Interpolotio
1231 1341 1341 1425 πῃπῇ.

122 1429 225 1490 latiore
248 1427 366 1492 duamur
386 1432 526 1514 quaevis,
551 1432 645 1493 etiam
665 1430 821 1493 lactamina
842 1431 876 1491 r're
898 1440 981 1492 tescia
1003 1427 1082 1490 libro·
1094 1428 1225 1490 mutatio
1246 1427 1341 1490 involo

119 1512 362 1597 ouororofooto5
389 1519 421 1581 et
436 1516 516 1580 haec
530 1536 592 1581 non
607 1516 737 1597 quidem
753 1533 824 1580 cum
838 1513 921 1579 libro
937 1511 1060 1593 critice,
1083 1512 1165 1578 bene
1179 1529 1255 1578 vero
1271 1529 1342 1576 cum
1359 1556 1362 1561 ·

119 1616 210 1680 opere
224 1598 408 1680 dogmatice
422 1601 547 1684 integro
563 1601 739 1666 subsistere
753 1604 870 1682 potest.
893 1598 1097 1682 interpolatio
1113 1610 1214 1660 autem
1229 1597 1342 1683 siyoo'f.

116 1685 265 1749 etra’ctcbri
284 1698 425 1770 spectata
444 1699 488 1750 eat
507 1688 636 1749 mutatio
658 1685 829 1750 deliberata
854 1685 1010 1768 ciceitoque
1036 1695 1160 1746 auctore
1184 1684 1218 1745 ric
1244 1695 1345 1745 temtus

118 1769 245 1832 aemuia
265 1782 465 1834 nonientana
486 1785 645 1856 crecopia,
673 1771 731 1834 aed
747 1771 839 1834 etiam
860 1768 999 1853 ffectum
1020 1779 1184 1831 consecuta
1201 1790 1256 1830 ceu
1276 1767 1344 1829 uni-

119 1853 246 1917 oersolo'o
260 1855 369 1940 footo.
384 1892 428 1901 —
442 1856 651 1938 Interpolatio
674 1856 720 1921 sic
741 1853 873 1920 definita
895 1854 1104 1935 distinguitur
1126 1851 1344 1916 amutationi-

117 1938 187 2020 bus,
213 1957 299 2020 quae
320 1946 377 2005 aut
397 1960 490 2022 casu,
518 1961 594 2024 ergo
613 1961 675 2007 non
701 1942 733 2005 in
760 1941 905 2006 omnibus
931 1938 1166 2020 exemplaribus
1192 1937 1342 2002 accidunt

116 2023 330 2106 (interpolatio
345 2026 508 2110 fortuita),
532 2032 589 2092 aut
609 2046 692 2108 quae
707 2027 851 2092 consulto
867 2026 995 2108 quidem
1010 2025 1043 2089 in
1058 2022 1221 2090 essentiali
1236 2021 1362 2103 operis„

117 2115 206 2192 parte
222 2111 457 2193 suscipiuntur,
474 2114 531 2178 sed
546 2113 622 2178 licet
636 2131 783 2193 magnam
798 2116 1074 2177 monumentorum
1088 2115 1215 2190 partem
1229 2126 1343 2189 perua-

118 2196 201 2275 dant,
216 2215 423 2278 nequaquam
437 2204 545 2263 tamen
560 2199 592 2263 in
608 2196 754 2263 omnibus
769 2196 1003 2279 exemplaribus
1018 2195 1145 2277 aequali
1160 2193 1255 2259 modo
1269 2212 1342 2275 per-

115 2279 263 2346 ficiuntur
278 2281 407 2365 (interp.
423 2285 571 2366 tentata).
586 2319 629 2328 -
651 2283 860 2364 Interpolatio
883 2281 986 2365 signif.
1009 2280 1163 2347 strictiori
1188 2297 1247 2346 nec
1271 2297 1342 2345 cum

116 2366 432 2518 integritalatehcritica,
445 2388 549 2451 neque
559 2388 630 2435 cum
642 2369 823 2450 dogmatica
835 2368 1012 2435 subsistere
1022 2372 1139 2450 potest,
1152 2367 1210 2430 sed
1221 2370 1342 2430 utram-

118 2471 177 2533 que
192 2471 248 2518 exc
262 2472 284 2516 u
309 2453 342 2518 't.

196 2539 226 2603 3.
258 2538 355 2602 Libri
364 2541 452 2604 sacri
463 2540 505 2602 N.
524 2538 559 2602 T.
567 2589 578 2621 ,
601 2540 660 2603 etei
670 2539 780 2625 myaces.
797 2539 919 2620 latiori,
938 2537 1064 2602 moinime
1078 2551 1179 2600 tamen
1194 2535 1346 2600 scotare

117 2623 304 2708 interpolati,
319 2623 377 2688 sed
386 2625 491 2710 potius
507 2623 679 2709 dopmatice
695 2625 813 2711 cirteyrc’
823 2624 962 2688 habendi
971 2636 1058 2708 auot5
1073 2622 1191 2688 etenim

123 2762 125 2766 .
197 2710 232 2791 o)
256 2709 393 2776 historia
415 2711 526 2792 docet,
549 2710 827 2790 interpolationem
850 2708 1080 2775 strictetalem
1095 2725 1258 2788 nunquam
1272 2705 1343 2772 fieri

117 2795 277 2875 potuisse;

197 2879 230 2961 b)
254 2885 445 2962 argumenta
460 2880 609 2963 opposita
623 2879 741 2946 nullius
757 2899 828 2946 esse
843 2879 1011 2958 momenti,
1034 2876 1217 2944 accuratius
1230 2886 1342 2942 eorum

116 2983 245 3032 examen
260 2965 459 3046 manuascae
475 2966 613 3047 deniqne

196 3051 227 3133 o)
252 3051 394 3118 rationes
416 3052 577 3132 internae,
601 3055 667 3116 tam
689 3049 730 3115 ab
754 3055 943 3132 argumento
966 3066 1062 3130 quam
1077 3067 1097 3113 a
1110 3047 1214 3113 forma
1227 3046 1342 3112 horum

113 3134 267 3288 fflmmlm
281 3138 438 3219 repetitae
453 3137 639 3217 ostendunt,
666 3135 905 3218 interpolatioui
926 3133 1069 3202 strictius
1091 3137 1258 3218 spectatae
1278 3151 1342 3197 non

157 3241 210 3290 sse
237 3240 338 3289 ocum.

676 3357 705 3442 a.
729 3358 780 3425 95.

157 3493 185 3558 a)
210 3493 357 3547 Historia
368 3495 471 3557 docet,
489 3495 772 3559 interpolationem
789 3496 903 3547 stricte
920 3495 1018 3548 talem
1034 3493 1127 3545 nullo
1147 3503 1290 3553 unquam

517 3583 662 3644 tempore
684 3579 767 3631 effici
777 3581 933 3642 potuisse.

193 3731 408 3814 ¹Interpolatio
423 3734 578 3799 librorum
589 3733 627 3798 N.
640 3734 675 3798 T.
691 3733 804 3798 stricte
817 3733 901 3814 talis,
918 3733 946 3797 si
960 3751 1101 3813 unquam
1117 3736 1203 3798 esset
1219 3729 1341 3812 effecta,

113 3812 182 3882 fieri
200 3815 370 3899 debuisset
392 3824 450 3884 aut
471 3820 546 3885 inde
568 3839 588 3884 a
610 3818 738 3884 saeculo
753 3819 794 3882 II.
810 3817 840 3900 p.
858 3817 931 3898 Ob,
957 3823 1015 3883 aut
1033 3819 1101 3900 jam
1123 3835 1205 3884 saec.
1221 3818 1260 3896 1.;
1291 3822 1343 3882 ast
1412 3867 1414 3873 2

114 3907 261 3966 neutrum
276 3904 380 3968 locum
401 3905 521 3970 habere
542 3905 657 3986 potuit.
703 3905 796 3981 Quod
819 3904 902 3969 enim
924 3904 1062 3985 primum
1084 3903 1216 3984 attinet,
1242 3903 1342 3968 libros

115 4003 221 4051 sacros
242 3987 281 4051 N.
305 3989 340 4052 T.
361 3989 429 4070 jam
452 4009 534 4056 saec.
558 3991 598 4054 Η.
620 4009 678 4072 per
701 3990 889 4072 apographa
914 3989 1008 4055 valde
1033 3989 1279 4070 multiplicatos,
1309 3988 1342 4052 in

115 4073 342 4138 remotissimas
357 4076 504 4155 regiones
519 4079 731 4158 propagatos
754 4075 948 4140 inmanibus
963 4076 1137 4142 amicorum
1153 4080 1186 4140 et
1200 4073 1342 4137 inimico-

115 4173 184 4220 rum
199 4157 360 4240 religionis
377 4161 569 4226 christianae
583 4165 729 4226 versatos
750 4159 864 4240 fuisse,
891 4180 909 4226 e
932 4161 1125 4226 testimoniis
1151 4158 1342 4224 orthodoxo-

115 4258 193 4322 rum,
208 4243 441 4311 haereticornm
458 4252 491 4312 et
505 4246 761 4312 aduersariorum
778 4244 913 4327 Christi,
930 4265 1014 4328 quae
1029 4247 1096 4320 suis
1111 4245 1189 4310 locis
1203 4243 1341 4308 afferun-

115 4327 180 4408 tur,
198 4347 273 4411 ergo
289 4349 327 4395 ex
341 4331 477 4397 historia
491 4333 618 4399 abunde
633 4337 767 4399 constat.
812 4332 921 4398 Rebus
935 4332 982 4396 ita
996 4332 1111 4414 positis
1125 4327 1341 4408 interpolandi

116 4419 245 4479 conatus
265 4434 370 4497 neque
391 4419 517 4484 saeculo
538 4419 594 4499 11,
621 4437 659 4486 eo
678 4420 783 4483 minus
801 4418 1000 4499 temporibus
1023 4414 1193 4496 subsequis
1207 4413 1343 4479 feliciter

117 4500 287 4566 succedere
300 4504 469 4582 potuisset.
515 4503 594 4580 Quis
610 4505 693 4569 enim
708 4503 854 4569 omnibus
869 4505 919 4568 his
935 4504 1018 4568 sacri
1033 4507 1141 4567 textus
1158 4518 1342 4565 monumen-

116 4581 158 4647 tis
173 4584 256 4652 adeo
272 4587 410 4670 copiosis
425 4594 458 4654 et
473 4594 540 4654 tam
554 4589 647 4671 longe
661 4589 791 4671 lateque
806 4589 960 4671 dispersis
976 4593 1062 4658 esset
1081 4585 1226 4670 potitus?
1263 4585 1342 4662 Quis
