3428 5180
639 321 1013 397 -273-'

166 519 267 582 quare
282 502 415 582 ludaei,
439 502 729 569 nonobstantibus
751 502 986 583 praerogativis
1009 503 1092 584 suis,
1119 502 1207 570 nullo
1229 505 1397 587 privilegio

165 586 324 669 gaudent,
350 583 509 668 siquidem
534 588 606 668 ipsa
633 607 656 653 1.
685 588 846 668 scriptura
871 591 1013 653 testante
1034 607 1159 653 morum
1181 591 1397 670 perversitate

166 671 303 736 ethnicis
318 691 381 736 non
396 677 471 737 sunt
489 673 646 740 meliores.
691 673 770 738 lude
792 678 906 753 sponte
927 679 1098 754 promanat
1119 675 1257 740 veritas:
1282 675 1396 740 Omnes

165 756 304 820 homiues
313 779 435 840 poenas
442 771 699 843 promeruerunt,
722 772 750 821 et
763 759 811 821 sic
825 760 889 822 arbe
904 757 1156 844 119191111111,
1179 764 1243 826 sr'ce
1259 775 1397 842 1111111,

162 842 323 926 perniciei
333 843 465 906 obuoarr'i
476 857 548 907 aaut
563 845 593 923 2,
610 844 702 923 1—-3,
717 843 769 907 20,

251 927 487 994 Necessitatem
506 929 714 994 redemtionis
740 929 992 993 demonstratam
1018 928 1052 1008 3,
1075 929 1223 994 21-30.
1250 931 1398 1010 sequitur

166 1013 317 1096 repositio
333 1013 491 1077 1111111111
507 1013 545 1078 de
558 1015 661 1078 salute
683 1014 871 1099 eoaoqelo'ca.
915 1012 1050 1078 lustitia
1072 1033 1155 1079 nuuc
1176 1034 1196 1078 1
1216 1015 1286 1080 Deo
1309 1016 1397 1079 1111111
1468 1036 1470 1041 ’

166 1097 248 1178 legis
263 1098 430 1178 cujusdam
445 1099 569 1164 ratione
583 1097 695 1165 habita
710 1118 748 1164 ex
763 1098 869 1180 gratia
883 1098 1022 1162 donatur
1037 1104 1069 1164 et
1089 1118 1149 1180 per
1168 1098 1264 1165 fidem
1286 1101 1396 1181 acqui·

166 1183 266 1261 ritur;
288 1181 369 1248 fides
383 1185 417 1248 in
431 1185 452 1249 J
454 1203 544 1250 esum
560 1185 724 1250 Christum
739 1184 917 1264 subjectiva
931 1185 1000 1264 ejus
1016 1190 1065 1249 est
1081 1185 1236 1265 conditio,
1262 1191 1295 1250 et
1309 1204 1396 1252 mors

166 1270 188 1333 J
190 1286 249 1332 esu
264 1267 384 1333 Christi
399 1271 577 1350 expiatoria
599 1269 841 1334 fundamentum
862 1268 1062 1350 objectivum.
1100 1270 1162 1334 Via
1182 1271 1261 1335 haec
1281 1271 1396 1336 salutis

167 1353 314 1418 omnibus
329 1354 452 1434 absque
468 1355 650 1420 discrimine
664 1353 827 1436 patefacta
843 1360 908 1433 est,
925 1355 1060 1419 ethnicis
1075 1374 1138 1420 non
1152 1356 1273 1435 minus,
1299 1375 1396 1437 quam

167 1439 188 1504 J
189 1439 318 1518 udaeis,
334 1440 411 1519 quia
426 1442 558 1506 caedem
572 1441 713 1505 omnium
728 1446 803 1504 sunt
817 1440 1028 1521 indigentiae,
1046 1445 1079 1505 11
1093 1441 1182 1505 Deus
1198 1441 1401 1506 ethnicorum-

166 1530 204 1588 ut
218 1525 240 1588 J
241 1523 418 1589 udaeorum
433 1526 522 1591 Deus
538 1531 596 1591 est.

253 1608 342 1674 Haec
365 1611 480 1676 salutis
503 1611 555 1676 via
577 1611 700 1692 absque
724 1609 962 1675 circumcisione
985 1616 1018 1674 et
1037 1609 1108 1689 lege
1128 1629 1190 1674 non
1206 1610 1397 1675 contradicit

166 1694 271 1760 veteri
289 1692 426 1775 foederi,
450 1697 507 1761 sed
525 1697 595 1778 .jam
613 1695 749 1760 historia
765 1695 857 1759 sacrat
872 1702 905 1759 et
921 1694 1025 1758 effatis
1040 1694 1155 1758 divinis
1170 1699 1208 1757 ut
1223 1695 1396 1774 originaria

168 1785 201 1845 et
214 1797 293 1844 vera
308 1780 442 1845 sistitur.
487 1781 570 1845 Nam
585 1781 690 1845 David
706 1781 837 1846 beatum
853 1779 994 1845 celebrat
1008 1779 1183 1857 hominem,
1207 1778 1263 1858 qui
1278 1779 1347 1843 Deo
1361 1779 1395 1843 11

167 1865 310 1944 acceptis
324 1864 422 1930 refert
433 1867 593 1948 justitiam
609 1866 678 1931 sine
693 1865 844 1945 operibus
859 1865 956 1945 legis,
978 1871 1011 1929 et
1025 1863 1189 1927 Abraham
1209 1863 1395 1943 promissio·

167 1969 224 2016 nes
240 1950 373 2030 divinas,
388 1958 425 2014 ut
439 1953 553 2016 haeres
568 1951 696 2016 futurus
712 1955 798 2015 esset
812 1949 931 2029 mundi,
946 1956 1041 2030 pater
1055 1949 1229 2013 multamm
1241 1949 1394 2029 gentium,

167 2055 230 2100 non
252 2037 376 2115 accepit
398 2036 438 2101 ob
460 2037 564 2117 legem
585 2042 643 2102 aut
668 2036 709 2101 ob
735 2035 1018 2112 circumcisionem,
1046 2034 1104 2098 sed
1129 2038 1264 2114 propter
1289 2031 1394 2113 fidem,

167 2139 265 2202 quam
279 2121 544 2200 promissionibus
558 2121 674 2186 divinis
688 2121 817 2199 habuit,
845 2125 878 2184 et
895 2120 928 2183 in
951 2120 1077 2200 signum
1094 2118 1241 2198 justitiae
1266 2119 1395 2184 demum

167 2206 373 2272 circumcisus
394 2213 457 2286 est,
482 2207 529 2270 ita
550 2213 588 2271 ut
610 2206 771 2287 exemplar
793 2205 836 2269 sit
851 2210 884 2269 et
897 2211 991 2286 pater
1006 2203 1146 2268 omnium
1162 2203 1360 2267 credentium
1377 2221 1396 2268 e

166 2291 340 2374 gentihbus
355 2298 388 2356 et
402 2310 440 2356 ex
455 2291 589 2356 ludaeis
603 2291 727 2372 absque
748 2290 835 2372 lege,
862 2308 945 2370 quac
967 2308 1030 2354 non
1048 2288 1209 2370 justitiam
1231 2293 1394 2368 operatur,

168 2377 227 2442 sed
241 2376 323 2440 iram
339 2377 368 2455 3,
384 2377 500 2456 31-4,
515 2377 565 2440 ab.

255 2461 348 2537 Quod
373 2461 490 2526 attinet
514 2461 638 2526 fructus
664 2461 759 2542 hujus
776 2459 928 2541 *justitiae
954 2459 1062 2523 aDeo
1088 2457 1185 2530 datae
1210 2476 1269 2537 per
1288 2456 1394 2538 fidem,

166 2565 280 2628 pacem
294 2546 450 2610 habemus
465 2565 538 2610 cum
551 2547 622 2612 Deo
638 2551 671 2610 et
685 2564 775 2626 spem
790 2545 913 2626 gloriae
927 2543 1055 2616 futurae
1076 2541 1215 2608 filiorum
1229 2542 1307 2623 Dei,
1330 2542 1394 2608 imo

167 2633 208 2696 de
228 2631 308 2711 ipsis
330 2631 566 2695 calamitatibus
588 2631 764 2712 gloriamur
783 2636 822 2695 ut
841 2631 882 2694 de
900 2629 1030 2707 mediis,
1056 2629 1174 2710 quibus
1188 2626 1269 2692 fides
1284 2632 1396 2694 nostra

166 2716 325 2799 prnbatur
346 2721 379 2780 et
398 2735 472 2797 spes
491 2717 577 2780 vitae
600 2722 751 2781 aeternae
776 2716 961 2793 roboratur;
987 2732 1061 2794 spes
1086 2720 1195 2778 autern
1220 2713 1301 2780 haec
1327 2731 1395 2778 cer-

161 2801 290 2868 tissima
308 2801 457 2865 redditur
478 2801 636 2865 charitate
650 2801 712 2864 Dei
733 2801 767 2863 in
789 2799 939 2864 cordibus
954 2799 1073 2862 nostris
1089 2796 1206 2862 diffuse
1220 2816 1279 2876 per
1294 2797 1394 2877 Spiri-

162 2892 234 2952 tum
255 2904 281 2950 s.
303 2886 395 2950 nohis
418 2887 544 2965 datum3
572 2886 688 2965 quodsi
710 2885 793 2949 enim
816 2884 956 2948 charites
970 2882 1033 2947 Dei
1055 2881 1308 2946 luculentissime
1326 2882 1394 2962 Jam

163 2970 370 3036 manifestata
389 2978 452 3050 est,
479 2970 555 3051 quia
576 2970 693 3035 Fihum
716 2988 810 3034 suum
824 2969 856 3032 in
871 2975 1007 3032 mortem
1023 2965 1158 3030 tradidit
1172 2984 1230 3046 pro
1246 2971 1394 3044 peccato·

102 3092 103 3095 *
163 3057 275 3121 ribus:
298 3055 398 3121 multo
420 3057 522 3138 magis
543 3074 626 3121 nunc
647 3055 801 3135 sanguine
815 3054 925 3134 wipsius
936 3049 1104 3134 justificati
1118 3050 1159 3114 ab
1177 3051 1261 3115 omni
1276 3069 1393 3130 poena-

162 3161 236 3206 rum
250 3141 369 3205 timore
384 3140 482 3206 liberi
494 3141 613 3206 erimus
627 3142 657 3219 5,
675 3139 789 3202 1-11.
936 3150 939 3155 ·

249 3227 335 3289 Inter
349 3239 511 3310 uiruoraqac
522 3226 646 3311 perceris
661 3225 795 3286 humaui
802 3235 981 3306 pareutum,
1002 3219 1164 3284 Amnum
1180 3231 1208 3283 et
1225 3217 1394 3299 Christum,

163 3311 315 3396 11111911
341 3311 496 3394 quaedam
520 3309 683 3374 intercedit
690 3333 701 3390 ,·
732 3306 1001 3388 quemadmodum
1026 3305 1109 3370 euim
1138 3323 1198 3385 per
1226 3309 1395 3385 peccatum

162 3395 400 3461 inobedientiae
414 3395 510 3476 primi
524 3395 660 3459 hominis
676 3412 785 3458 omnes
801 3393 870 3474 ejus
881 3391 1004 3473 posteri
1016 3395 1202 3470 peccatores
1213 3387 1290 3452 facti
1303 3395 1393 3454 sunt:

161 3481 210 3545 ita
225 3499 285 3560 per
298 3479 420 3544 lactum
435 3479 637 3544 obedientiae
652 3479 672 3542 J
675 3496 733 3542 esu
748 3476 868 3542 Christi
889 3495 999 3540 omnes
1020 3475 1053 3539 in
1076 3473 1214 3555 gratiam
1236 3474 1394 3554 recipiun-

161 3573 231 3644 tur,
259 3571 291 3629 et
312 3583 374 3628 non
394 3564 435 3628 ab
457 3583 535 3644 uno,
563 3564 620 3628 sed
640 3564 680 3629 ab
704 3562 851 3626 omnibus
873 3561 1014 3641 peccatis
1036 3559 1103 3623 suis
1128 3558 1342 3622 emundantur
1363 3558 1393 3639 5,

249 3733 311 3796 Ast
326 3751 343 3797 1
358 3733 452 3797 dictis
463 3751 632 3813 perperam
644 3731 856 3811 colhgeretur,
871 3730 904 3792 in
922 3728 1082 3809 peccando
1101 3743 1172 3792 esse
1183 3745 1394 3806 perseveran-

164 3819 256 3897 dum,
280 3836 346 3898 quo
358 3817 574 3881 abundantius
590 3818 695 3898 gratia
710 3816 817 3879 divina
833 3833 904 3879 sese
925 3811 1124 3890 manifestet;
1149 3831 1222 3875 nam
1239 3811 1394 3877 Christia-

163 3923 242 3971 num
257 3920 330 3968 esse
344 3907 377 3966 et
390 3920 525 3982 peccare
539 3902 601 3966 sibi
621 3900 827 3978 contradicit3
850 3899 968 3964 etenim
989 3916 1048 3978 per
1067 3897 1263 3977 baptismum
1284 3914 1394 3961 conse-

163 3989 248 4070 pulti
271 4004 381 4051 sumus
405 4005 476 4051 cum
493 3985 635 4065 Christo,
662 3991 787 4050 etcum
807 3985 919 4049 eodem
942 3983 984 4047 ad
998 3983 1098 4046 vitam
1113 4000 1228 4045 novam
1244 3982 1393 4046 continuo

164 4079 277 4138 sancte
291 4072 449 4153 agendam
463 4071 695 4134 resurreximus
711 4071 740 4148 6,
758 4069 870 4133 1-11.

252 4157 424 4222 Peccatum
438 4155 613 4219 dominium
628 4173 721 4219 suum
735 4155 769 4218 in
785 4153 983 4218 Christianos
998 4150 1122 4230 amisit,
1147 4148 1301 4229 quianon
1317 4153 1393 4214 sunt

165 4242 321 4322 sublege,
338 4241 396 4305 sed
411 4239 470 4305 sub
486 4239 592 4321 gratia
607 4239 636 4318 6,
653 4240 787 4302 12-14.

252 4326 366 4407 Neque
381 4325 454 4389 inde
470 4325 631 4405 sequitur,
658 4341 792 4404 peccare
806 4323 920 4401 licere;
946 4320 1064 4386 etenim
1088 4319 1155 4383 vita
1180 4317 1316 4383 hominis
1340 4322 1393 4408 111

166 4411 333 4484 servitium
358 4409 425 4474 sive
450 4409 573 4490 peccati
599 4409 641 4472 ad
666 4414 817 4488 mortem,
845 4407 911 4471 sive
938 4404 1139 4470 obedientiae
1161 4404 1202 4467 ad
1221 4403 1391 4483 justitiam.

165 4498 306 4561 Fructus
320 4495 407 4558 vitae
420 4494 538 4574 prioris
552 4495 792 4574 peccaminosae
808 4496 878 4557 erat
892 4489 1065 4572 ignominia
1079 4493 1113 4554 et
1126 4486 1198 4552 finis
1212 4506 1313 4566 mors;
1336 4487 1393 4568 qui

220 4596 346 4643 (1111111111,
361 4594 446 4638 Introd.
456 4595 481 4634 in
490 4594 518 4634 N.
529 4593 556 4632 ’1.
566 4592 643 4632 libros.
1156 4586 1189 4639 18
