3364 5156
820 338 1103 402 -180—

437 510 661 576 Recentiorum
671 508 800 590 pluresl
812 508 1011 590 evangehum
1022 509 1123 574 Marci
1134 528 1172 574 ex
1182 508 1246 574 illis
1257 509 1413 575 Matthaei
1424 511 1557 574 etLucae

352 596 563 677 compositum
577 613 648 661 esse
664 600 793 660 censent
807 595 848 662 ob
863 594 1103 660 similitudinem
1113 613 1269 678 magnam,
1285 613 1368 676 quae
1378 597 1461 662 inter
1470 595 1556 660 hbros

350 682 431 746 istos
444 681 622 747 intercedit.
657 680 766 746 Etiam
780 700 805 746 0.
820 681 1020 763 Augustinus
1034 680 1108 746 huic
1123 681 1300 747 sententiae
1313 680 1420 746 lavere
1434 681 1557 760 videtur,

351 767 392 832 dc
413 786 568 833 censensu
590 766 858 848 evangelistarum
873 766 997 833 dicens:
1019 767 1172 848 „litoreus
1187 766 1379 830 Motatorem
1392 767 1556 831 0010000100

346 852 538 938 pedisequas
553 865 581 916 et
598 853 751 916 braaa'ator
773 854 838 936 ejas
858 851 1011 916 cu'detur.“
1053 852 1205 917 Attamen
1226 852 1351 917 etiamsi
1371 870 1556 932 poneremus¹

351 937 460 1003 Marco
476 937 674 1020 evangehum
689 938 846 1004 Matthaei
860 937 1045 1002 hebraicum
1058 936 1158 1002 fuisse
1173 938 1349 1018 cognitum,
1364 937 1449 1004 idem
1463 943 1557 1003 tamen

350 1041 495 1088 asserere
509 1044 571 1089 non
585 1023 696 1088 liceret
711 1025 752 1102 de
767 1023 930 1105 evangelio
944 1023 1051 1089 Lucae
1066 1023 1168 1088 serius
1180 1023 1282 1102 edito;
1297 1029 1465 1104 praeterea
1476 1043 1557 1090 evan-

350 1108 468 1189 gehum
482 1115 627 1174 nostrum
641 1109 728 1173 haud
742 1129 816 1174 raro
832 1109 970 1174 dictione
985 1117 1018 1174 et
1028 1110 1148 1190 majora
1160 1127 1211 1173 res
1223 1109 1482 1191 repraesentandi
1492 1109 1557 1173 vivi-

350 1194 453 1260 ditate
467 1194 509 1260 ab
523 1195 577 1260 illo
593 1194 750 1259 Matthaei
764 1195 858 1276 longe
874 1194 1020 1274 discedit,
1036 1201 1069 1259 et
1084 1195 1210 1273 ordine,
1226 1213 1320 1275 quem
1334 1195 1367 1258 in
1381 1195 1557 1259 narrationi·

350 1279 411 1344 bus
426 1280 612 1362 copulandis
626 1280 785 1361 observat,
800 1281 843 1345 ad
853 1280 932 1344 illud
942 1280 1049 1364 Lucae
1061 1280 1192 1362 propius
1203 1280 1334 1344 accedit.
1358 1279 1558 1345 consonantia

349 1364 499 1448 frequens
513 1367 598 1431 inter
609 1366 809 1431 Matthaeum
824 1371 857 1430 et
869 1367 1013 1431 Marcum
1026 1364 1077 1431 vel
1087 1365 1121 1429 in
1130 1365 1245 1430 iisdem
1255 1365 1386 1430 vocibus
1398 1383 1557 1447 earumque

350 1451 461 1517 ordine
476 1452 584 1532 potius
598 1452 666 1517 inte
680 1452 873 1518 derivandus
894 1457 958 1531 cst,
980 1451 1066 1533 quod
1088 1469 1222 1533 graecus
1237 1450 1393 1516 Matthaei
1413 1451 1557 1533 interpres

351 1537 549 1619 evangehum
564 1537 665 1604 Marci
679 1538 768 1604 novit
782 1542 815 1604 et
828 1537 985 1618 adhibuit,
1000 1555 1097 1619 quam
1111 1537 1180 1605 vice
1194 1537 1296 1603 versa.

900 1758 929 1842 ξ.
949 1759 1020 1826 122.

351 1895 399 1946 De
411 1896 574 1957 evangelii
585 1899 790 1958 argumento,
807 1896 1018 1958 dispositione
1036 1899 1069 1947 et
1081 1896 1120 1947 de
1132 1896 1296 1947 scribendi
1307 1895 1401 1947 modo
1414 1909 1441 1948 s.
1453 1893 1554 1946 Marci.

436 2050 464 2114 l.
486 2051 616 2116 Marcus
627 2050 746 2116 omissa
756 2050 892 2116 historia
903 2049 1117 2131 conceptionis
1129 2055 1162 2115 et
1172 2050 1349 2115 nativitatis
1360 2049 1381 2114 J
1383 2067 1443 2114 esu
1454 2046 1558 2113 Christi

350 2135 549 2217 evangehum
564 2156 657 2202 suum
672 2137 837 2203 exorditur
850 2156 870 2201 a
884 2136 1012 2217 pubHco
1023 2135 1157 2202 loannis
1167 2137 1204 2200 Β.
1219 2136 1350 2217 proditu
1365 2141 1398 2200 01
1413 2132 1558 2216 usquead

350 2221 478 2285 Domini
502 2224 720 2288 ascensionem
744 2223 777 2288 in
804 2222 925 2288 coelum
950 2224 1164 2304 prosequitur.
1215 2223 1307 2300 Quod
1332 2221 1508 2302 explicatur
1528 2236 1557 2282 ex

350 2308 491 2372 auctoris
516 2309 671 2374 relatione
697 2309 739 2374 ad
763 2309 896 2374 Petrum
916 2307 1123 2389 Apostolnm3
1148 2326 1237 2389 nam,
1263 2313 1299 2372 ut
1325 2326 1342 2372 e
1367 2306 1459 2372 brevi
1481 2307 1557 2387 patet

350 2391 504 2458 historiae
524 2394 751 2475 dehneatione‚
778 2413 875 2475 quam
896 2394 1013 2458 Petrus
1035 2399 1068 2459 01
1089 2394 1209 2459 Ρο0100
1230 2394 1301 2458 Act.
1324 2411 1349 2457 c.
1366 2394 1416 2457 10.
1433 2390 1556 2458 01013.

351 2478 508 2560 exhibent,
523 2480 671 2561 Apostoh
686 2485 718 2544 et
732 2480 827 2562 primi
843 2479 998 2562 evangehi
1011 2497 1186 2560 praecones
1200 2478 1471 2560 praedicationem
1481 2493 1557 2540 suan

349 2563 511 2644 publicam
526 2566 568 2630 ad
583 2566 736 2630 terminos
751 2566 822 2631 illos
837 2566 1031 2647 restringere
1047 2565 1208 2646 solebant;
1230 2583 1329 2648 quare
1345 2564 1444 2629 etiam
1456 2563 1522 2627 Act.
1536 2559 1557 2638 1,

349 2650 401 2714 21.
413 2651 464 2714 22.
475 2650 624 2732 Apostoh
633 2651 666 2716 in
676 2651 755 2733 viro,
770 2671 865 2734 quem
875 2651 1023 2718 inlocum
1034 2653 1140 2718 dudae
1154 2651 1328 2733 proditoris
1343 2669 1453 2715 secum
1467 2665 1558 2714 resur-

348 2734 499 2802 rectionis
515 2736 635 2802 Ghristi
650 2742 766 2802 testem
781 2738 949 2820 eligerent,
972 2737 1006 2803 id
1020 2737 1241 2820 postularunt,
1263 2741 1300 2802 ut
1315 2755 1387 2802 cum
1400 2735 1481 2818 ipsis
1498 2751 1558 2828 con-

349 2828 496 2888 versatus
522 2824 565 2888 sit
590 2823 675 2888 omni
701 2827 859 2906 tempore,
893 2843 956 2906 000
981 2825 1114 2889 intravit
1139 2830 1172 2889 01
1187 2822 1283 2889 exivit
1296 2822 1380 2887 inter
1394 2840 1451 2887 000
1464 2820 1558 2885 Donn-

305 2983 307 2988 ,
348 2925 409 2973 000
424 2907 445 2972 J
447 2927 522 2975 esus
536 2929 556 2974 0
571 2908 765 2991 baptismate
779 2910 800 2975 J
802 2910 912 2976 oannis
926 2927 1029 2991 usquc
1044 2911 1077 2974 in
1091 2910 1184 2991 diem,
1201 2927 1265 2991 qua
1279 2912 1443 2974 assumtus
1458 2910 1513 2971 est.
1536 2900 1556 2965 E

347 2994 566 3076 publicavere
581 2994 661 3060 lesu
677 2995 796 3061 Christi
809 2996 877 3062 vita
888 2996 1017 3061 Marcus
1031 3000 1069 3060 ut
1080 2995 1264 3061 Matthaeus
1280 3013 1318 3059 00
1329 2998 1455 3058 tantum
1464 2989 1556 3065 refert

348 3098 432 3161 quae
446 3100 466 3145 a
480 3080 501 3145 J
503 3081 614 3146 oannis
628 3081 665 3145 Β.
682 3082 869 3163 captivitate
883 3083 916 3147 in
932 3080 1089 3163 Galilaea,
1105 3081 1179 3146 dein
1193 3081 1226 3146 in
1240 3079 1352 3145 ultimo
1367 3079 1481 3144 itinere
1495 3074 1556 3140 Hie

348 3166 576 3247 rosolymitano
592 3171 626 3231 01
640 3167 673 3230 10
687 3166 856 3249 metropoh
872 3171 1053 3233 evenerunt.
1083 3166 1189 3246 Ratio,
1205 3185 1262 3232 cur
1277 3163 1491 3247 evangelistae
1503 3167 1557 3225 tres

348 3252 473 3333 priores
489 3252 679 3318 evitaverint
692 3251 778 3319 facta
793 3259 826 3320 et
841 3252 928 3318 dicta
942 3252 963 3318 ,J
965 3271 1023 3317 esu
1037 3258 1106 3317 tum
1120 3253 1229 3334 priora
1242 3256 1311 3316 tum
1326 3251 1449 3316 seriora
1469 3248 1556 3312 hiero-
1649 3313 1650 3330 ,

349 3337 538 3419 solymitana
557 3337 757 3402 diversorum
777 3337 933 3404 festorum
953 3339 1133 3420 occasione,
1155 3336 1225 3402 sita'
1238 3342 1309 3402 erat
1328 3337 1361 3400 in
1382 3348 1556 3406 sermonum,

349 3440 429 3503 0000
441 3423 462 3489 J
464 3442 538 3489 esus
548 3423 612 3490 illis
624 3424 821 3505 temporibus
831 3423 954 3506 habuit,
968 3423 1074 3490 indole
1085 3423 1235 3506 mystica,
1249 3442 1323 3488 nam
1336 3422 1396 3487 hos
1411 3431 1556 3515 sermones

349 3509 430 3574 adeo
446 3509 598 3576 subhmes
613 3509 738 3576 nonnisi
751 3510 805 3575 ille
820 3511 1001 3591 memoriae,
1017 3515 1138 3592 etpost
1152 3509 1279 3591 longam
1290 3526 1445 3573 annorum
1456 3518 1555 3570 00000

351 3593 481 3661 chartae
495 3601 645 3662 accurate
659 3596 813 3662 mandare
826 3597 949 3678 potuit,
965 3597 1020 3678 001
1034 3596 1068 3660 10
1083 3597 1154 3662 0100
1169 3595 1190 3660 J
1192 3613 1249 3660 esu
1263 3594 1426 3674 recubuit,
1450 3595 1481 3656 et
1494 3605 1556 3670 pra·
1648 3673 1649 3680 ἵ

349 3680 506 3746 vectiones
520 3687 647 3748 tantum
661 3682 693 3746 in
708 3682 861 3765 religione
876 3682 1064 3764 christiana,
1090 3701 1153 3748 non
1167 3700 1242 3746 vero
1261 3681 1396 3760 tirones,
1422 3675 1556 3772 neophytl

351 3768 385 3828 et
398 3765 432 3829 in
445 3784 562 3847 genere
576 3767 680 3833 minus
697 3767 775 3834 culti
790 3769 943 3850 capiendo
958 3786 1054 3850 pares
1075 3772 1174 3833 erant.
1218 3765 1393 3832 Praeterea
1412 3760 1555 3845 pnbhcau
1579 3807 1582 3814 .

350 3848 431 3914 lesu
450 3851 648 3918 activitatem
667 3854 796 3920 Marcus
816 3854 863 3919 ita
884 3853 1053 3935 describit,
1077 3861 1115 3918 01
1135 3852 1341 3934 praevaleant
1362 3849 1463 3930 facta,
1487 3857 1555 3934 quat

351 3955 423 4000 cum
438 3935 603 4004 Matthaeo
618 3938 716 4004 habet
731 3940 918 4021 communia,
933 3940 962 4006 01
977 3939 1116 4021 excipias
1131 3937 1328 4004 sanationem
1342 3935 1431 4001 surdi
1445 3937 1477 3999 et
1489 3931 1555 3995 mutl

352 4021 387 4103 7,
403 4021 554 4088 31-37.
571 4024 933 4106 01000018,22-26.;
958 4030 1101 4091 attamen
1117 4023 1280 4089 doctrinae
1301 4040 1428 4104 000000
1448 4021 1554 4084 100100

350 4107 485 4190 praebet
499 4108 726 4191 cognitionem,
753 4131 836 4194 quae
849 4111 1043 4176 institutioni
1064 4109 1206 4177 solidiori
1227 4108 1381 4187 sufficiat,
1407 4107 1468 4172 imo
1487 4101 1554 4166 duae

350 4193 514 4261 breviores
528 4194 702 4276 parabolae
716 4196 746 4276 4,
760 4197 897 4262 26-29.
914 4203 947 4263 01
962 4197 1012 4278 13,
1027 4196 1163 4262 32-36.
1179 4195 1209 4261 01
1222 4193 1400 4276 peculiares
1414 4192 1492 4258 sunt.
1536 4264 1541 4277 ‚

436 4280 466 4346 2.
488 4279 642 4346 Pancae
656 4280 677 4346 J
679 4298 736 4346 000
752 4280 872 4348 Christi
885 4282 1061 4348 activitatis
1076 4281 1282 4362 descriptioni
1294 4279 1422 4344 Marcus
1436 4285 1553 4358 praenu-

351 4365 395 4430 sit
406 4366 580 4450 proamrina
596 4368 630 4447 1,
647 4366 775 4448 1-13,,
796 4368 830 4434 in
845 4386 909 4449 000
924 4367 945 4433 J
946 4386 1080 4433 oannem
1093 4367 1187 4448 Bapt.
1203 4365 1290 4432 sistit
1304 4363 1443 4430 Messiae
1455 4359 1553 4448 adven·

329 4504 332 4511 .
352 4455 421 4515 tum
434 4451 688 4536 annunciantem,
702 4453 956 4536 resipiscentiam
970 4453 1222 4536 praedicantem,
1237 4450 1437 4533 poenitentes
1452 4450 1483 4513 et
1494 4442 1553 4506 den

422 4641 431 4672 ¹
449 4637 604 4704 Griesbach,
615 4636 811 4703 Rosenmdller,
822 4637 896 4692 Frid
907 4637 1048 4695 Fritasche
1059 4635 1115 4695 alii.
