3428 5180
916 306 980 372 auo
1023 343 1090 352 —-

332 477 383 542 lus
395 479 557 542 Romanos
578 477 687 542 videre
710 477 913 557 desideravit,
938 497 1000 542 non
1022 484 1059 543 ut
1080 496 1136 544 eos
1157 479 1349 558 institueret,
1373 480 1432 544 sed
1453 485 1491 544 ut
1512 480 1555 547 eis

332 563 456 645 ahquid
475 562 696 643 impertiretur
723 564 848 644 gratiae
874 563 1050 644 spiritualis
1073 564 1116 628 ad
1141 564 1350 630 consolandos
1377 584 1432 630 eos
1459 568 1556 631 etad

333 649 446 713 audita
458 648 491 713 in
507 648 692 712 memoriam
706 649 885 714 revocanda
902 649 930 729 1,
948 650 995 712 11.
1015 649 1062 712 12.
1086 649 1136 728 15,
1155 649 1202 714 14.
1221 649 1283 727 15.;

418 734 447 796 4.
464 735 665 818 praepositos
677 733 808 797 habebat
819 735 1022 816 amapbrros
1034 735 1170 816 idoneos,
1185 739 1223 797 ut
1233 740 1325 815 patet
1336 754 1354 801 e
1368 737 1416 815 12,
1429 737 1457 800 6.
1470 755 1554 818 seqq.

334 823 367 884 et
382 837 400 882 e
415 824 519 897 statu,
542 819 646 898 quala
661 820 693 882 in
709 819 844 901 epistola
859 819 1065 900 supponitur,
1090 821 1235 900 quamvis
1249 819 1511 901 presbyterorum
1526 828 1555 887 et

334 904 539 969 diaconomm
554 923 617 969 non
631 910 745 985 aperta
759 903 816 970 fiat
831 905 963 984 menti03

417 990 446 1054 5.
469 990 656 1053 inimicitiae
678 1003 706 1054 et
726 990 798 1054 odio
818 990 1009 1055 Judaeorum
1032 990 1263 1054 remediatorum
1287 1014 1348 1054 noa
1372 1004 1408 1055 at
1426 994 1461 1055 a'a
1483 991 1555 1056 altri

333 1073 410 1136 boia
426 1075 565 1159 eaposiro
581 1089 658 1157 erat,
681 1077 815 1156 proinde
829 1095 849 1140 a
864 1093 1027 1157 synagoga
1037 1076 1103 1156 Jam
1120 1081 1280 1156 separata,
1300 1083 1337 1141 ut
1350 1077 1555 1158 intelligimus

332 1178 391 1225 ec.
410 1160 446 1238 1.,
463 1160 491 1224 31
507 1158 688 1225 conferatur
704 1180 775 1226 eum
791 1162 859 1226 Act.
875 1162 927 1239 28,
942 1161 993 1224 22.
1010 1179 1108 1240 seqq,
1123 1162 1180 1225 ubi
1194 1163 1393 1227 ludaeorum
1407 1181 1556 1244 proceres

323 1245 374 1310 rde
390 1244 645 1310 Christianorum
660 1252 835 1312 saetacum
851 1250 1014 1311 contemtu
1029 1245 1158 1326 quidem
1173 1246 1356 1328 loquuntur,
1371 1268 1436 1312 non
1451 1254 1556 1313 autem

332 1330 479 1396 acerbius
501 1335 559 1395 aut
580 1331 761 1396 exulcerato
784 1332 888 1396 animo
910 1331 943 1395 in
969 1349 1040 1394 eam
1064 1332 1270 1412 invehuntur3
1296 1353 1370 1398 nam
1394 1333 1556 1414 inquietus

331 1415 455 1480 animus
471 1421 505 1480 et
516 1417 769 1497 exspectationes
780 1417 945 1482 sensuales
951 1415 971 1478 J
973 1415 1094 1481 udaeos
1105 1417 1148 1481 ad
1160 1419 1326 1484 continuos
1338 1419 1555 1484 excitaverant

332 1501 500 1579 tumultus
514 1501 561 1565 ita
575 1506 613 1565 ut
629 1500 783 1565 Claudius
797 1520 854 1566 eos
869 1518 987 1579 omnes
1003 1501 1100 1565 etiam
1111 1502 1132 1566 J
1133 1503 1444 1569 udam-christianos
1456 1505 1555 1569 Roma

334 1585 508 1666 expelleret
519 1585 604 1666 (Act.
617 1588 666 1666 18,
681 1587 741 1668 2.);
756 1587 789 1650 hi
804 1605 880 1651 vero
896 1585 1045 1652 cumillis
1060 1592 1135 1668 post
1150 1594 1286 1654 mortem
1296 1588 1422 1655 Claudii
1437 1591 1556 1655 reversi

332 1689 458 1735 omnem
472 1690 588 1736 nexum
603 1691 676 1736 eum
690 1691 853 1754 synagoga
868 1672 1041 1752 solverant;
1056 1673 1120 1737 imo

418 1756 447 1820 6.
469 1759 608 1821 notator
628 1756 825 1822 Christianos
845 1756 971 1841 quidem
992 1779 1031 1820 ero
1052 1757 1216 1822 Judurirmo
1239 1773 1266 1824 et
1288 1758 1469 1823 0010000000ηο
1492 1783 1556 1824 000-

331 1864 435 1905 veram
455 1845 547 1906 rimae
566 1866 605 1904 ao
625 1843 830 1906 contentiones
849 1842 1007 1928 urgebant,
1029 1843 1062 1907 hr'
1082 1862 1221 1924 namque
1236 1849 1269 1908 et
1283 1843 1329 1908 illi
1344 1864 1407 1909 nen
1422 1846 1555 1910 addubi-

331 1925 453 2005 tabant,
469 1928 556 2009 quod
566 1928 742 2008 Apostolus
758 1928 808 2007 15,
824 1928 852 1992 8.
868 1932 984 2006 monet,
998 1928 1160 1993 Christum
1168 1929 1189 1993 J
1191 1930 1366 1995 udaeorum
1376 1931 1555 1996 ministrum

331 2012 452 2077 factum
467 2032 538 2079 esse
554 2013 594 2078 ob
609 2014 780 2078 veritatem
788 2013 850 2077 Dei
861 2014 904 2077 ad
916 2013 1168 2094 comprobandas
1179 2022 1309 2094 patrum
1320 2016 1554 2096 promissiones,

332 2103 445 2179 gentes
460 2104 569 2164 autem
583 2099 691 2163 vocari
706 2097 746 2162 ob
767 2099 1020 2164 misericordiam
1040 2099 1215 2164 secundum
1235 2101 1468 2183 prophetarum
1488 2121 1555 2166 ora-

332 2185 411 2248 cula.
723 2221 725 2226 .

418 2269 467 2331 Ex
489 2268 635 2334 omnibus
656 2268 744 2333 hisce
764 2267 988 2350 intelligimus,
1014 2268 1181 2334 ecclesiam
1195 2271 1371 2336 Romanam
1388 2273 1456 2352 jam
1478 2270 1556 2337 bene

258 2348 265 2362 ’
332 2355 514 2419 ordinatam
528 2353 637 2432 fuisse,
653 2372 725 2417 cum
740 2353 861 2418 Paulus
875 2353 918 2417 ad
932 2372 1004 2418 eam
1019 2372 1111 2418 suam
1126 2355 1269 2420 mitteret
1284 2356 1463 2436 epistolam,
1483 2376 1556 2438 ergo

332 2458 352 2504 a
366 2439 503 2521 longiori
517 2443 663 2519 tempore
677 2437 844 2503 fundatam
858 2457 896 2503 ao
906 2444 1037 2519 rectam,
1053 2445 1226 2520 antequam
1236 2441 1413 2522 Apostolus
1423 2443 1557 2507 Romam

331 2525 473 2590 venisset
488 2523 571 2603 (coll.
590 2524 616 2603 1,
637 2524 768 2588 13—15.
785 2529 817 2588 ot
833 2525 890 2604 15,
906 2525 957 2588 22.
973 2525 1054 2606 23),
1075 2526 1162 2606 quod
1176 2527 1301 2591 nonnisi
1315 2546 1375 2607 per
1387 2527 1556 2608 Apostolo-

332 2629 405 2674 rum
419 2609 591 2689 quemdam
607 2606 688 2674 effici
703 2609 817 2689 potuit.
850 2609 952 2690 Atqui
966 2611 1172 2691 antiquorum
1185 2630 1278 2676 nemo
1294 2616 1450 2691 testatur,
1467 2631 1556 2692 prae

332 2701 385 2760 ter
399 2695 531 2759 Petrum
547 2698 580 2758 et
594 2693 730 2758 Paulum
745 2695 843 2759 alium
853 2695 1083 2775 Apostolorum
1098 2697 1305 2776 praedicandi
1321 2715 1420 2762 causa
1434 2699 1557 2762 venisse

333 2781 480 2858 Romam;
508 2798 584 2860 ergo
600 2779 734 2844 ecclesia
757 2779 888 2846 aPetro
909 2779 1044 2845 fundata
1065 2781 1108 2846 sit
1129 2800 1260 2846 necesse
1282 2789 1347 2861 est,
1372 2788 1406 2847 et
1429 2783 1557 2863 quidem

333 2884 415 2930 anno
429 2867 481 2929 42.
496 2883 592 2929 aerae
606 2864 713 2945 ιιιιΙς.1
867 2889 871 2894 ·

417 2951 570 3016 Attamen
584 2969 647 3014 non
661 2968 825 3031 negamus,
836 2949 904 3030 yam
918 2951 1008 3030 prius
1021 2950 1184 3015 Christum
1194 2950 1356 3032 professos
1368 2970 1440 3016 esse
1450 2952 1557 3032 plures

332 3037 546 3114 ludaeorum,
570 3035 626 3115 qui
646 3054 761 3116 magno
782 3053 915 3099 numero
930 3036 1052 3100 Romae
1074 3036 1243 3117 degebant.
1287 3037 1461 3118 Pompejus
1478 3039 1557 3102 euim

331 3121 564 3202 Hierosolymis
586 3139 667 3184 anno
690 3120 740 3184 63.
763 3139 791 3183 a.
816 3119 871 3185 Ch.
896 3121 999 3201 captis
1021 3121 1123 3184 multa
1145 3121 1344 3186 ludaeorum
1365 3123 1467 3188 milha
1489 3142 1557 3188 cum

330 3206 519 3272 Aristobulo
534 3206 567 3269 in
582 3205 770 3270 servitutem
784 3205 918 3270 miserat
932 3207 1075 3285 Romam,
1096 3207 1151 3286 qui
1167 3208 1269 3271 serius
1284 3207 1435 3272 libertate
1450 3208 1558 3273 donati

331 3293 422 3358 novis
438 3291 525 3355 aucti
540 3297 615 3354 sunt
629 3291 770 3354 advenis.
793 3290 814 3354 J
815 3310 868 3354 am
883 3310 958 3356 vero
974 3291 994 3354 J
996 3291 1092 3356 udaei
1106 3293 1241 3356 Romani
1257 3293 1305 3356 uti
1319 3293 1375 3357 alii
1389 3294 1421 3357 in
1437 3294 1557 3375 disper-

332 3378 421 3443 sione
443 3377 597 3457 degentes
619 3375 652 3438 in
671 3375 769 3439 rebus
790 3374 952 3456 religionis
975 3395 1047 3440 cum
1068 3376 1175 3457 patria
1198 3397 1272 3456 sua,
1298 3378 1331 3442 iu
1353 3379 1461 3458 specie
1488 3398 1556 3443 cum

332 3462 483 3544 synedrio
503 3460 793 3540 Hierosolymitano
813 3461 846 3524 in
868 3461 999 3527 arctiori
1019 3481 1103 3526 nexu
1124 3462 1311 3543 manebant,
1338 3463 1451 3544 templi
1477 3465 1556 3528 dona

332 3547 504 3612 mittebant
519 3552 552 3612 et
566 3546 649 3611 festa
663 3545 928 3626 frequentabant,
950 3548 997 3611 ita
1011 3552 1048 3610 ut
1063 3548 1179 3628 singuli
1194 3548 1308 3612 saltem
1324 3567 1415 3629 spem
1430 3548 1556 3612 Israelis

239 3637 242 3643 '
332 3633 497 3713 impletam
514 3631 640 3697 edoceri
654 3637 794 3711 possent.
818 3631 935 3696 Procul
949 3632 1046 3696 dubio
1058 3633 1125 3712 jam
1140 3633 1282 3697 nonnulli
1293 3634 1556 3698 ’00001011ιά0οο-

331 3736 404 3780 rum
420 3721 452 3780 et
466 3717 702 3797 proselytorum
717 3718 942 3796 Romanorum,
957 3718 1013 3797 qui
1028 3716 1096 3781 coll.
1113 3718 1182 3781 Act.
1199 3720 1227 3798 2,
1245 3720 1293 3783 10.
1310 3719 1474 3783 effusionis
1490 3718 1556 3798 Spi-

333 3801 416 3865 ritus
432 3820 456 3865 3.
472 3806 574 3866 testes
590 3808 681 3866 erant
695 3800 788 3880 facti,
815 3821 874 3883 per
888 3803 1061 3882 Apostolos
1077 3803 1236 3882 conversi,
1263 3804 1396 3869 uberius
1419 3804 1555 3869 instituti

334 3891 367 3950 et
389 3887 519 3950 domum
539 3887 660 3951 reversi
681 3887 761 3970 alios
784 3888 880 3952 etiam
897 3887 1016 3952 Christi
1039 3884 1218 3968 cognitione
1239 3889 1432 3954 imbuerunt.
1479 3889 1554 3953 Cum

331 3990 408 4036 vero
429 3971 546 4035 Petrus
569 3971 744 4052 Apostolus
769 3973 890 4037 Romae
915 3973 947 4036 in
973 3973 1143 4054 synagogis
1170 3973 1368 4038 Judaeorum
1396 3974 1554 4039 Christum

332 4057 550 4138 praedicaret,
578 4057 675 4122 etiam
696 4057 813 4121 ethnici
832 4058 988 4138 proselyti
1010 4058 1187 4122 doctrinam
1214 4059 1421 4123 christianam
1444 4079 1553 4142 cogno-

333 4143 442 4208 scendi
464 4142 662 4207 occasionem
683 4141 865 4207 habuerunt
888 4147 920 4207 et
941 4148 978 4207 ut
1000 4142 1090 4222 alibi,
1117 4144 1214 4207 etiam
1235 4144 1269 4208 iu
1287 4144 1374 4209 orbis
1389 4144 1553 4225 metropoh

332 4227 353 4292 J
353 4229 466 4293 udaeis
480 4228 646 4308 proniores
659 4233 750 4292 erant
761 4229 803 4292 ad
815 4228 1069 4308 amplectendam
1080 4247 1194 4292 novam
1206 4229 1320 4293 salutis
1332 4231 1551 4308 oeconomiam,

331 4313 455 4394 absque
469 4314 550 4395 legis
565 4315 724 4379 mosaicae
736 4315 814 4394 jugo
830 4314 876 4378 eis
892 4312 1063 4377 oblatam²

401 4503 411 4532 ¹
429 4497 483 4552 Cfr.
498 4501 520 4565 ξ.
535 4498 592 4550 140.
604 4497 629 4549 2.

400 4564 671 4633 ἳῶᾁπωω
