3356 5176
769 328 813 370 v11

174 472 287 552 alium,
311 477 344 538 te
366 472 506 538 omnium
527 479 680 554 punctum
704 491 775 538 esse
793 473 943 552 laturum,
965 491 1095 554 sperare
1116 473 1168 538 vix
1189 475 1279 552 hcet;
1302 493 1401 555 quare

175 602 253 646 eum
266 582 358 663 elegi,
374 601 469 663 quem
480 583 528 648 rei
538 587 672 648 naturae
684 589 717 648 et
729 583 926 647 studentium
936 583 1069 648 utilitati
1080 584 1215 649 maxime
1227 604 1402 650 accommo-

174 693 291 757 datum
307 693 448 774 cognovi.
471 730 514 738 -
537 693 660 758 Graeca
675 694 879 775 antiquorum
894 694 991 758 effata
1005 694 1157 776 longiora,
1177 695 1210 759 in
1225 695 1331 776 specie
1346 695 1401 760 Jo-
1510 763 1514 770 ,

174 803 271 884 sephi
285 803 397 884 Flavii,
420 823 483 869 non
494 805 587 886 juxta
602 809 725 870 textum
748 804 934 885 originalem
948 804 1060 885 attuh,
1075 806 1133 870 sed
1148 825 1165 870 e
1180 806 1317 886 probata
1331 825 1402 870 ver-

174 914 268 978 sione
289 914 403 996 latina,
425 916 501 996 quia
524 915 623 981 citata
644 909 701 980 illa
719 914 783 996 legi
805 915 965 994 desidero;
987 934 1069 996 quae
1091 921 1213 997 autem,
1237 923 1274 980 ut
1295 916 1402 982 1116616

174 1024 291 1105 Solent,
305 1038 516 1111 9166666661,
531 1049 593 1089 666
610 1026 759 1111 leputatur.
784 1025 996 1105 Neomirum3
1011 1045 1083 1090 nam
1096 1027 1165 1107 typi
1176 1028 1293 1108 graeci,
1309 1046 1402 1107 prae-

173 1136 273 1216 cipue
286 1136 319 1199 in
333 1137 417 1201 notis
432 1136 661 1218 marginalibus
676 1137 828 1216 minores,
852 1137 1015 1202 oculomm
1030 1137 1131 1202 aciem
1145 1138 1239 1202 nimis
1255 1143 1403 1202 exercent

172 1245 388 1328 fatigantque.
433 1247 515 1323 Quia
529 1248 562 1311 in
576 1247 764 1329 theologicis
779 1247 930 1312 Austriae
949 1247 1105 1313 institutis
1119 1248 1293 1330 pleraeque
1307 1248 1401 1312 111661-

171 1355 285 1437 plinae
299 1356 495 1438 gravissimis
512 1377 529 1424 e
545 1359 651 1424 causis
665 1358 763 1422 latine
778 1359 962 1422 traduntur:
978 1358 1087 1440 hngua
1101 1359 1282 1441 germanica
1296 1359 1329 1423 in
1340 1359 1400 1423 hoc

170 1486 275 1548 opere
301 1468 446 1533 adhibita
471 1487 568 1549 scopo
598 1469 666 1550 ejus
695 1468 848 1549 primario
877 1469 964 1533 haud
993 1469 1202 1536 satisfaceret.
1248 1469 1398 1534 Ceterum

170 1583 361 1643 nostrorum
375 1579 556 1661 theologiae
578 1579 761 1645 auditorum
777 1598 847 1645 sors
862 1580 901 1645 ob
918 1579 1044 1661 linguae
1060 1581 1179 1646 latinae
1201 1599 1304 1660 usum,
1327 1599 1399 1659 non,

171 1695 213 1753 ut
233 1690 357 1770 passim
376 1688 447 1755 fieri
468 1690 558 1771 solet,
581 1690 663 1756 adeo
686 1697 736 1758 est
751 1690 959 1771 deploranda,
983 1691 1010 1755 si
1026 1692 1108 1756 enim
1123 1692 1242 1757 idioma
1257 1691 1354 1757 hocce
1369 1690 1401 1754 in

171 1800 380 1881 acquirendis
410 1795 550 1866 scientiis
570 1801 767 1882 theologicis
796 1802 837 1867 ab
867 1801 956 1867 initio
983 1801 1205 1867 difficultatem
1230 1802 1401 1882 quamdam

170 1916 281 1992 parat,
303 1912 401 1978 hocce
422 1912 657 1977 incommodum
678 1912 897 1978 emolumentis
920 1913 1120 1993 gravioribus
1142 1913 1232 1993 large
1254 1930 1400 1992 compen-

171 2027 277 2087 satur.
306 2000 336 2085 Ᾱ
358 2041 422 2103 quo
443 2028 588 2103 tempore
609 2023 754 2088 diversae
777 2023 963 2103 disciplinae
982 2022 1098 2104 linguis
1118 2021 1295 2086 vernaculis
1314 2021 1400 2085 tradi

171 2138 362 2214 coeperunt,
379 2133 584 2199 scientiarum
599 2133 841 2213 Universitates,
858 2152 941 2215 quae
956 2133 1091 2220 propiis
1106 2131 1312 2198 fundatorum
1327 2152 1400 2198 oon-

170 2243 256 2309 siliis
278 2263 341 2309 non
362 2250 487 2309 tantum
509 2244 616 2309 studia
635 2244 797 2327 generaha
818 2244 890 2324 siut,
914 2245 971 2310 sed
987 2243 1132 2310 omnihus
1147 2244 1330 2309 nationibus
1346 2244 1420 2318 de-‚

170 2355 332 2435 minatae,
362 2355 499 2421 alterum
522 2355 607 2420 huno
629 2355 846 2421 characterem
867 2341 1052 2420 amiserunt.
1098 2354 1191 2420 Solae
1214 2353 1399 2420 Facultates

170 2465 375 2547 theologicae
393 2466 427 2530 in
442 2466 712 2531 Universitatihus
734 2466 964 2547 antiquissimis
987 2466 1205 2530 characterem
1224 2467 1322 2531 istum
1344 2466 1400 2531 ad·

170 2576 316 2640 hucdum
331 2582 468 2642 servant.
498 2577 623 2658 Lingua
636 2577 737 2642 latina
752 2596 771 2641 6
786 2596 837 2641 me
851 2576 996 2641 adhibita
1010 2576 1218 2657 hibhopolam
1232 2575 1399 2657 permovit,

169 2687 489 2752 uthermeneutioam
496 2705 600 2752 meam
608 2693 640 2752 et
647 2687 915 2753 introductionem
923 2687 963 2752 ob
971 2686 1287 2752 facihoreminltaha
1298 2685 1400 2751 divul-

169 2797 337 2878 gationem
352 2799 558 2863 annunciaret
574 2799 670 2890 etiam
685 2799 806 2863 Romae
820 2797 980 2878 venalem,
1002 2797 1099 2879 idque
1117 2818 1168 2863 me
1185 2797 1401 2863 consentiente

167 2907 296 2973 factum
308 2913 370 2989 est3
387 2928 481 2991 spero
497 2909 580 2974 enim
590 2909 667 2989 fore,
683 2909 763 2973 utin
774 2909 845 2989 ipso
858 2907 1011 2973 ecclesiae
1027 2907 1202 2973 cathohoae
1217 2912 1324 2973 centro
1340 2908 1401 2971 viri

168 3019 337 3085 eruditiin
349 3020 510 3101 opusculis
522 3020 602 3085 meis
613 3019 689 3084 fidei
700 3019 896 3084 orthodoxae
907 3023 964 3083 aut
976 3017 1066 3082 honis
1076 3017 1218 3083 moribus
1229 3017 1400 3097 periculosi

167 3130 251 3194 nihil
265 3130 436 3211 inveniant,
453 3136 485 3196 et
501 3131 528 3196 si
542 3131 611 3211 hoc,
634 3131 709 3212 quia
725 3131 1030 3212 errarehumanum,
1053 3147 1168 3210 reapse
1183 3129 1334 3210 eveniret,
1357 3129 1399 3193 ad

169 3259 317 3306 errorem
340 3242 561 3323 corrigendum
584 3261 635 3307 me
657 3260 783 3322 semper
803 3241 1055 3322 promtissimum
1076 3239 1239 3306 exhibebo.
1270 3239 1319 3305 Ne
1334 3238 1400 3304 1616

168 3352 224 3416 cui
246 3351 280 3432 in
302 3353 442 3417 sectione
467 3352 667 3434 apologetica
688 3352 860 3417 humanam
881 3351 920 3415 N.
944 3352 978 3415 T.
1006 3356 1173 3416 auctorum
1198 3351 1400 3431 axiopistiam

166 3462 266 3528 nimis
283 3463 434 3528 extoHere
451 3469 483 3528 et
498 3463 595 3528 talem
615 3467 858 3545 repraesentare
879 3463 1005 3542 videar,
1029 3479 1112 3543 quae
1131 3462 1313 3526 missionem
1329 3459 1399 3540 Spi-

167 3574 255 3638 ritus
271 3592 295 3638 s.
310 3572 378 3638 fere
393 3574 589 3639 reddidisset
604 3573 812 3654 superfluam:
826 3573 887 3637 hoc
903 3571 1006 3638 solum
1021 3572 1170 3638 observo:
1186 3572 1226 3636 ab
1244 3571 1400 3654 ejusmodi

168 3685 334 3750 sententia
349 3684 562 3749 ahenissimus
577 3704 768 3765 persuasum
788 3683 901 3763 habeo,
923 3682 1068 3747 futurum
1089 3683 1198 3763 fuisse,
1220 3689 1258 3747 ut
1277 3684 1400 3764 absque

169 3795 279 3878 primo
295 3793 377 3860 festo
394 3800 597 3876 pentecostes
618 3795 789 3860 christiano
810 3793 946 3876 pusillus
965 3813 1042 3875 grex
1058 3794 1138 3858 lesu
1155 3793 1274 3864 Christi
1289 3793 1331 3857 ad
1345 3812 1400 3858 an-

166 3905 350 3988 gustiorem
364 3905 477 3987 procul
493 3906 589 3970 dubio
606 3905 760 3971 ambitum
776 3910 919 3970 maneret
934 3905 1104 3969 restrictus
1120 3904 1204 3985 (Act.
1223 3905 1252 3984 1,
1268 3904 1325 3985 8.);
1349 3907 1400 3968 ast

163 4015 345 4098 Apostolos
361 4017 508 4080 omnibus
524 4017 651 4097 gavisos
668 3997 738 4080 esse
755 4015 998 4095 conditionibus,
1022 4017 1062 4080 ob
1084 4033 1174 4096 quas,
1198 4015 1324 4080 etiamsi
1339 4014 1400 4078 6111

164 4127 248 4193 solis
265 4126 368 4191 relicti
383 4147 422 4192 ea
437 4127 649 4207 scripsissent,
672 4145 755 4207 quae
771 4127 802 4190 in
819 4126 919 4190 666116
934 4125 972 4189 N.
989 4127 1023 4190 T.
1040 4125 1130 4190 libris
1145 4107 1290 4208 legimus,
1305 4124 1400 4205 plena

162 4239 233 4304 fide
262 4241 370 4302 essent
397 4237 492 4319 digni,
521 4257 557 4302 ex
584 4237 738 4317 omnihus,
766 4257 848 4319 quae
874 4238 915 4301 de
939 4255 1048 4301 eorum
1070 4237 1137 4300 vita
1160 4240 1193 4301 et
1215 4237 1399 4301 charactere

162 4350 301 4431 cognita
325 4348 494 4428 habemus,
521 4348 771 4413 luculentissime
798 4353 897 4429 patet.
942 4347 1178 4428 Benignitatem
1203 4347 1341 4410 divinam
1366 4347 1398 4409 in
1515 4359 1518 4364 ’

161 4463 268 4527 161116
282 4459 359 4524 fidei
375 4464 407 4524 et
424 4458 538 4525 salutis
553 4463 683 4525 nostrae
698 4459 848 4524 missione
870 4462 903 4523 et
917 4458 1034 4523 auxih0
1053 4458 1193 4538 Spiritus
1209 4475 1233 4521 6.
1249 4455 1397 4521 1111611111-
