3356 5176
654 294 937 358 -21--.

258 461 287 524 4.
311 463 415 545 qinom
425 463 661 546 protoqrophoo
675 487 736 526 aon
752 477 819 526 orat
834 467 924 528 acori
936 467 1073 529 auctores
1089 468 1303 552 arctoqraphon
1311 518 1321 550 ,
1342 469 1399 532 sed

175 547 297 611 nonnisi
311 547 564 628 manuscriptum
580 566 599 612 a
614 548 744 613 librario
761 550 991 615 elucubratum.

258 631 287 696 5.
310 633 395 695 Fata
411 632 543 696 advorso
558 633 698 714 plurium
715 634 920 700 ecclesiarum
936 640 969 700 01
982 636 1123 702 virorum
1141 638 1399 718 apostolicorum,

174 718 362 799 quibuscum
377 718 599 799 autographon
613 718 706 784 100110
721 721 843 802 perire,
866 721 918 786 vel
940 740 1021 802 quos
1042 723 1114 803 ipsa
1134 742 1211 805 erga
1227 724 1398 804 Apostolos

172 804 276 886 pietas
287 822 415 868 movere
429 807 573 885 poterat,
597 809 634 868 ut
648 806 870 888 autographon
885 808 1039 874 occultari
1060 808 1195 873 mallent'
1211 813 1269 874 aut
1290 810 1399 890 deleri,

173 907 268 970 quam
283 889 315 952 in
330 908 443 954 manus
459 889 658 954 inimicorum
672 891 820 956 incidere.
844 892 990 973 Denique

258 975 287 1039 ὃ.
313 973 513 1038 collectiones
536 975 688 1039 librorum
709 976 748 1040 N.
772 977 823 1057 T.,
846 997 982 1059 quarum
1004 978 1273 1044 instituendarum
1295 981 1399 1061 majus

173 1064 259 1124 00110
274 1059 489 1124 adhibebatur
504 1060 655 1142 studium,
676 1081 772 1142 quam
787 1063 996 1130 conservandi
1011 1064 1105 1129 unius
1120 1064 1293 1130 alteriusve
1308 1069 1399 1130 auto·

172 1145 295 1226 graphi,
311 1149 348 1208 ut
363 1165 401 1210 ex
416 1165 488 1211 mox
504 1146 646 1239 dicendis
661 1147 794 1228 patebit.

733 1368 761 1449 q,
786 1369 835 1433 10.
934 1434 936 1439 ,

353 1500 380 1567 0)
399 1503 448 1572 Dq
460 1505 692 1566 propagatione
705 1506 738 1555 et
755 1505 942 1556 collectione
954 1505 1113 1556 librorum
1126 1505 1169 1557 N.
1182 1505 1217 1558 Τ.

256 1656 331 1720 Jam
346 1655 498 1720 adfinem
514 1658 634 1722 saeculi
649 1658 672 1721 Ι.
690 1677 799 1724 sacros
814 1658 852 1722 N.
870 1659 904 1722 T.
920 1658 1020 1723 libros
1039 1677 1098 1739 per
1117 1661 1304 1741 apographa
1319 1662 1400 1725 mul-

169 1741 343 1822 tiphcatos,
358 1742 452 1822 longe
466 1742 596 1823 lateque
610 1749 815 1825 propagatos
831 1745 895 1810 imo
911 1749 944 1808 et
959 1743 1108 1810 collectos
1123 1743 1232 1825 1111000,
1249 1765 1266 1811 0
1282 1751 1357 1811 sect.
1374 1747 1398 1811 1.

169 1827 297 1892 scimus.
330 1825 455 1892 Causae
470 1833 562 1892 erant
577 1836 763 1910 sequentes:

256 1913 284 1975 1.
307 1913 386 1997 Ipso
401 1913 521 1976 indoles
537 1914 692 1998 eaopolrbo
707 1915 847 1994 plurium
862 1913 1063 1995 scriptorum,
1085 1933 1221 1994 quorum
1236 1915 1400 1995 quaehbet

168 1997 315 2078 ecclesia,
330 2003 502 2080 antequam
517 2000 560 2063 ad
574 1999 654 2064 alias
669 2000 881 2078 mitterentur,
903 1998 1089 2080 apographa
1104 1999 1165 2064 sibi
1178 2000 1323 2080 parabat.

255 2083 286 2146 2.
310 2083 450 2165 Sammo,
463 2103 527 2165 qua
535 2084 683 2165 Apostoli
696 2103 870 2165 eorumque
882 2085 1015 2150 comites
1026 2085 1114 2165 apud
1125 2103 1234 2149 omnes
1244 2085 1398 2150 Christia-

168 2187 225 2233 nos
241 2169 428 2250 gaudebant
441 2172 608 2250 ooaeraa‘o,
621 2189 703 2250 quae
719 2169 832 2250 effecit,
845 2176 882 2235 ut
892 2169 1019 2235 illorum
1030 2189 1093 2234 non
1104 2175 1230 2235 tantum
1242 2172 1397 2252 supersti-

169 2259 246 2334 tum,
258 2255 316 2319 sed
325 2255 422 2319 etiam
427 2255 494 2336 jam
504 2261 720 2321 emortuorum
727 2256 808 2335 libri,
818 2274 954 2336 quorum
963 2255 1161 2321 authentiam
1170 2265 1259 2321 certa
1266 2257 1398 2322 traditio

170 2340 423 2419 contestabatur,
439 2341 744 2422 pretiosissimarum
759 2341 967 2422 rehquiarum
977 2342 1080 2407 instar
1090 2341 1193 2406 habiti
1203 2342 1314 2407 sedulo
1326 2362 1399 2407 con-

172 2426 387 2506 quirerentur,
404 2427 483 2491 0110
497 2445 591 2491 usum
606 2433 674 2492 tam
689 2427 904 2506 ecclesiarum,
920 2445 1016 2508 quam
1027 2427 1225 2508 privatorum
1237 2427 1406 2510 hominum,

171 2511 299 2593 piorum
313 2531 351 2576 00
367 2512 517 2576 ditiorum
532 2512 717 2594 frequenter
731 2513 997 2580 describerentur.

258 2598 288 2661 3.
311 2597 501 2681 Earomplam
517 2598 724 2678 Judaeorom,
748 2599 803 2680 qui
823 2598 985 2663 habebant
1005 2597 1223 2663 collectionem
1244 2597 1399 2663 librorum

172 2683 207 2746 V.
224 2683 276 2762 Ε,
301 2688 334 2747 01
354 2683 466 2747 eadem
485 2682 518 2747 in
534 2685 704 2766 synagogis
719 2684 907 2762 utebantur,
929 2702 991 2748 non
1005 2688 1135 2765 poterat
1149 2703 1211 2748 non
1225 2702 1400 2764 provocare

175 2767 375 2832 Christianos
390 2769 433 2832 ad
448 2767 642 2849 oolhgendos
657 2769 695 2832 N.
712 2770 747 2833 T.
762 2769 870 2834 libros.
900 2769 952 2832 Ad
967 2771 1054 2849 quod
1068 2769 1193 2834 accedit
1321 2769 1324 2776 '

262 2855 292 2916 4.
316 2853 480 2916 Moturum
498 2853 747 2917 Christianorum
761 2856 880 2938 0001010
896 2855 1044 2938 religiosa
1057 2853 1243 2936 possidendi
1253 2853 1402 2934 scodram,

172 2939 259 3019 quod
271 2938 346 3002 inde
359 2939 471 3018 elucet,
484 2938 560 3021 quia
572 2938 704 3002 Patrum
717 2957 815 3020 opera
823 2939 891 3019 jam
903 2937 1029 3003 saeculo
1042 2938 1082 3002 ll.
1096 2937 1201 3018 colligi
1217 2943 1400 3018 coeperunt.

172 3024 225 3088 Sic
240 3028 325 3088 teste
336 3023 498 3089 Ε110011101
514 3023 647 3089 00010010
658 3023 872 3105 Philippensis
887 3023 1040 3104 epistolas
1056 3041 1079 3087 0.
1091 3022 1208 3103 Ignatii
1222 3022 1312 3086 brevi
1326 3028 1401 3103 post

173 3111 242 3189 ejus
251 3115 388 3174 mortem
397 3109 546 3191 colligere
556 3110 669 3191 coepit.
682 3109 839 3190 Eomajor
847 3107 1193 3174 certeOhristianorum
1203 3112 1273 3174 erat
1281 3107 1401 3189 scripta

170 3194 352 3276 'apostolica
368 3195 537 3276 colligendi
553 3195 743 3276 sollicitudo,
761 3195 851 3276 cujus
866 3193 991 3260 felicem
1006 3213 1188 3260 successum
1204 3193 1328 3274 adjuvit

261 3279 291 3344 5.
314 3303 413 3343 1100000
430 3281 626 3344 (laborsordoc
641 3282 841 3345 ecclesiaram
855 3295 977 3344 motare
997 3294 1097 3360 ortas,
1121 3298 1215 3360 quem
1235 3298 1401 3358 promove-

176 3365 255 3429 bant
269 3364 446 3446 legationes
461 3365 690 3447 Apostolorum
705 3367 747 3431 ad
763 3365 913 3432 ecclosias
929 3371 961 3430 01
975 3366 1044 3430 vice
1059 3384 1165 3444 versa,
1187 3365 1302 3428 itinera
1320 3362 1401 3427 mul-

174 3459 281 3515 torum
296 3469 355 3531 per
370 3451 514 3516 diversas
529 3452 690 3534 regioneS,
711 3457 852 3533 systema
866 3449 1157 3532 metropolitarum,
1178 3467 1312 3513 necnon
1328 3467 1401 3513 con·
1471 3533 1473 3539 Α

175 3536 404 3600 troversiarum
432 3537 530 3617 origo,
566 3557 595 3601 v.
615 3558 644 3619 g.
671 3539 712 3603 de
737 3541 883 3618 tempore
909 3535 1090 3601 celebrandi
1115 3533 1286 3616 paschatis
1330 3533 1401 3599 Hac

175 3621 298 3686 ratione
314 3621 447 3703 singulis
463 3622 605 3688 ecclesiis
620 3622 727 3703 facile,
750 3622 841 3687 brevi
857 3631 890 3687 et
904 3626 992 3686 00110
1006 3621 1096 3684 1111101
1121 3620 1159 3699 ’1,
1183 3637 1266 3700 quae
1281 3619 1402 3700 scripta

175 3725 265 3771 sacra
280 3707 312 3770 in
327 3706 399 3771 aliis
415 3712 586 3773 exstarent.

259 3792 463 3874 Propagatus
479 3799 529 3858 est
544 3799 652 3860 autem
667 3797 774 3859 textus
790 3811 881 3859 sacer
891 3811 950 3874 per
960 3791 1147 3873 apographa
1159 3789 1400 3871 (manuscripta,

177 3878 324 3960 codices),
341 3884 374 3942 01
388 3879 491 3944 serius
505 3898 565 3961 per
579 3880 745 3960 editiones,
760 3899 819 3961 per
833 3878 1005 3957 versiones,
1021 3896 1080 3958 per
1091 3877 1191 3941 citata
1200 3876 1343 3954 Patrum,
1360 3876 1400 3940 de

177 3963 292 4044 quibus
307 3963 410 4029 serius
425 3970 570 4031 recurret
585 3984 698 4031 sermo.
1033 3967 1035 3972 ’

183 4232 195 4250 u
247 4171 256 4201 ¹
272 4167 306 4220 Η.
319 4181 342 4220 e.
355 4167 403 4219 III.
417 4166 459 4221 37.
486 4165 542 4228 Τὰς
553 4165 705 4228 ἐπιστολὰς
715 4166 853 4249 Ἰγνατίουί
865 4163 912 4226 τὰς
925 4171 1107 4250 πεμφθείσας
1118 4162 1187 4234 ἡμῖν
1199 4160 1244 4215 ὑπ’
1258 4159 1346 4214 αὐτοῦ
1356 4167 1402 4215 καὶ

180 4238 264 4297 alluo
279 4234 346 4296 ὅσας
359 4242 474 4309 εἴχομεν
487 4234 551 4310 παρ’
566 4237 643 4310 ἡμῖν,
657 4238 828 4309 ἐπέμψαμεν
840 4241 917 4308 υμῖν,
930 4242 1023 4294 notor
1035 4235 1218 4288 ἔνετείλασθε.

684 4477 892 4487 -ι-ι
