3314 5166
682 257 1039 340 '-1oa—

850 496 878 576 a.
903 497 952 560 rr.

681 631 714 697 b)
732 632 899 683 Editiones
917 606 1125 693 antiauiores.

375 788 509 852 Praeter
530 785 738 866 repetitiones
760 784 946 867 frequentes
967 791 1073 851 textus
1096 805 1115 849 a
1130 787 1263 850 Ximene
1279 791 1311 850 et
1327 786 1367 850 ab
1384 785 1514 849 Erasmo

290 874 369 940 editi
383 874 446 937 huc
460 871 632 953 praecipue
646 871 824 951 pertinent:

377 961 402 1020 1.
425 957 589 1021 Edia'ooea
605 957 738 1019 Roberri
750 955 919 1040 Stephani,
942 956 1135 1038 typographi
1157 956 1347 1020 Parisieusis
1369 956 1516 1037 quinque,

291 1063 425 1126 quarum
440 1042 564 1107 nonnisi
579 1042 677 1106 tertia
688 1041 836 1122 (Parisiis
850 1042 941 1106 1550.
954 1041 1021 1123 iol.)
1037 1046 1087 1107 est
1101 1046 1279 1105 memoratu
1295 1041 1400 1123 digna.
1432 1041 1517 1106 Haec

290 1150 327 1195 ex
342 1128 468 1193 Erasmi
491 1127 603 1207 quinta
617 1127 834 1207 promanavit,
858 1128 916 1191 sed
939 1126 1036 1191 etiam
1052 1126 1287 1207 Complutensis
1303 1132 1336 1191 et
1354 1128 1395 1191 15
1410 1144 1518 1190 manu-

290 1215 410 1295 scripta
425 1219 493 1277 tum
509 1212 703 1277 Parisiensia
718 1219 787 1276 tum
801 1212 915 1277 Italica
931 1212 1063 1291 collata,
1087 1212 1189 1276 literis
1205 1237 1235 1292 a,
1255 1220 1286 1294 β,
1303 1235 1321 1295 γ
1338 1219 1399 1276 ete
1416 1212 1518 1293 desig-

289 1306 365 1366 nata
387 1305 420 1364 et
443 1317 553 1363 eorum
575 1298 727 1362 lectiones
750 1298 911 1362 variantes
934 1298 965 1362 in
988 1298 1131 1380 margine
1153 1301 1283 1362 notatae
1304 1303 1388 1361 sunt.
1435 1298 1519 1362 Inter

292 1386 417 1451 codices
433 1389 503 1448 erat
519 1383 586 1447 cod.
602 1383 631 1446 D
650 1402 716 1447 evv.
734 1389 766 1448 et
788 1389 848 1447 act.
866 1389 898 1448 et
921 1383 1019 1448 codex
1034 1384 1061 1446 L
1083 1382 1327 1464 evangeliorum.
1347 1419 1391 1426 —
1414 1383 1520 1451 Prima

291 1470 424 1536 Roberti
439 1468 594 1548 Stephani
610 1468 717 1547 editio,
734 1469 824 1549 cujus
839 1468 1080 1533 fundamentum
1095 1474 1165 1533 erat
1182 1468 1434 1548 ComplutensiS,
1450 1488 1519 1549 pro-

291 1557 351 1621 diit
368 1554 458 1618 1546.
474 1552 577 1618 forma
594 1553 642 1616 12.
659 1557 692 1618 et
706 1553 819 1618 habuit
833 1573 948 1618 nomen
962 1554 1141 1638 „maroam
1156 1573 1175 1617 a
1190 1554 1296 1618 verbis
1312 1553 1520 1634 praefationis

289 1639 483 1706 initialibus:
501 1639 552 1720 „0
568 1638 734 1722 morificate
748 1663 782 1701 re
803 1641 831 1702 a's
845 1641 948 1702 nostri
959 1642 1073 1724 optimi
1084 1653 1112 1702 ct
1123 1639 1397 1724 praestantessa’naa'
1407 1639 1520 1723 prioci-

284 1727 340 1811 pa'e
361 1723 579 1789 liberalitatem
587 1724 621 1805 ,·“
643 1723 745 1788 altera
795 1724 868 1790 aris.
886 1724 978 1789 1549.
998 1723 1056 1790 for.
1081 1725 1129 1801 16.
1153 1728 1203 1790 est
1225 1725 1375 1806 repetitio
1398 1724 1520 1806 primae

291 1810 493 1889 emendatae;
506 1815 622 1890 quarta
633 1808 810 1892 (Genevae)
824 1810 915 1875 1551.
928 1811 1078 1890 repetitio
1091 1810 1207 1875 tertiae
1218 1810 1364 1874 adhibita
1375 1810 1521 1875 versione

289 1896 389 1961 latina
404 1895 531 1960 Erasmi
547 1900 579 1959 et
594 1895 743 1977 Vulgata,
760 1902 793 1960 et
808 1896 949 1960 omnium
965 1896 1068 1976 prima
1084 1896 1226 1961 continet
1241 1896 1382 1976 capitum
1398 1902 1521 1961 nostro·
1537 1913 1540 1922 ·

292 2001 363 2046 rum
379 1981 566 2045 divisionem
581 1981 614 2045 in
633 1999 754 2046 versuo.

375 2066 466 2131 Licet
488 2066 651 2146 Stephano
673 2066 907 2130 abundantiora
931 2071 963 2132 et
984 2065 1117 2131 meliora
1137 2072 1268 2147 praesto
1292 2073 1401 2131 essent
1417 2071 1522 2132 textus

292 2151 450 2230 subsidia,
473 2151 514 2214 ob
529 2151 757 2231 principiorum
774 2157 881 2215 tamen
900 2152 1082 2216 criticorum
1105 2150 1265 2216 deiectum
1286 2171 1403 2233 parum
1427 2171 1523 2217 ausus

293 2243 343 2302 est
357 2236 524 2300 discedere
540 2255 559 2299 a
575 2241 665 2300 textu
681 2255 739 2316 per
752 2254 975 2316 praecessores
991 2238 1061 2318 ejus
1077 2237 1172 2302 edito.

378 2321 406 2384 2.
430 2319 594 2382 Eda'tiones
613 2321 768 2384 Theodori
778 2321 882 2384 Bezae
897 2321 1037 2403 quinque
1053 2321 1158 2402 (annis
1176 2321 1267 2386 1565.
1290 2322 1339 2385 76.
1356 2321 1408 2386 82.
1426 2322 1477 2386 88.
1494 2327 1524 2387 et

292 2407 358 2488 98.)
374 2423 445 2469 cum
460 2405 606 2470 versione
618 2405 766 2486 Vulgata,
784 2424 855 2470 cum
866 2407 1012 2472 versione
1026 2407 1157 2488 propria
1173 2411 1206 2471 et
1221 2425 1293 2472 cum
1307 2407 1523 2472 adnotationi-

292 2493 353 2556 bus
380 2489 498 2555 criticis
523 2494 621 2571 atque
644 2491 824 2572 exegeticis.
873 2492 910 2555 In
935 2493 1039 2573 prima
1064 2492 1203 2558 editione
1229 2511 1288 2572 pro
1314 2491 1523 2558 fundamento

292 2576 400 2658 posuit
415 2576 569 2656 Stephani
583 2576 721 2655 tertiam,
738 2578 780 2640 ad
796 2595 892 2658 quam
908 2579 1137 2643 emendandam
1153 2577 1301 2642 adhibuit
1317 2577 1523 2659 Oompluten-

293 2681 360 2726 sem
376 2666 408 2725 et
430 2661 697 2741 manuscriptum,
721 2663 771 2727 cui
787 2663 948 2727 Robertus
964 2664 1073 2744 Steph.
1089 2664 1251 2728 variantes
1267 2682 1285 2728 e
1301 2663 1341 2727 15
1357 2665 1523 2729 codicibus

293 2748 468 2828 adjecerat3
483 2746 516 2810 iu
531 2745 670 2812 editione
685 2749 825 2812 secunda
839 2749 909 2829 ipse
922 2749 1055 2813 contulit
1071 2749 1211 2814 codicem
1224 2747 1523 2830 Cantabrigiensem

292 2833 321 2896 D
343 2838 376 2896 et
396 2830 675 2897 Claromontanum
695 2833 738 2913 Ι),
765 2853 861 2914 porro
883 2834 1061 2899 versionem
1084 2835 1241 2915 syriacam
1261 2833 1404 2899 Viennae
1432 2835 1523 2900 1555.

294 2917 421 2996 editam,
438 2917 470 2980 in
485 2917 610 2982 actibus
622 2918 681 2999 Ap.
699 2928 732 2983 et
746 2919 778 2982 in
789 2924 927 3001 utraque
942 2921 984 2984 ad
997 2919 1177 2985 Corinthios
1194 2919 1330 3000 epistola
1345 2919 1523 2999 arabicamr

293 3003 336 3067 ad
357 3001 486 3067 tertiam
509 3010 542 3066 et
564 3009 712 3083 quartam
732 3004 830 3069 alium
851 3005 991 3070 codicem
1015 3011 1047 3070 et
1070 3005 1169 3069 citata
1184 3005 1317 3069 Patrum
1332 3023 1523 3086 graecorum

294 3092 392 3168 atque
411 3087 583 3150 latinorum
602 3088 635 3151 in
658 3089 836 3153 subsidium
857 3091 991 3155 vocavit.
1034 3091 1124 3156 Haec
1146 3090 1244 3155 editio
1260 3108 1358 3170 saepe
1372 3092 1523 3172 repetita,

295 3173 361 3238 late
376 3176 557 3253 propagata
573 3181 623 3236 est
638 3179 671 3238 et
685 3175 872 3253 approbata.
927 3245 929 3252 ,

855 3393 882 3474 a.
907 3394 957 3459 ra.

663 3526 693 3593 e)
711 3528 879 3580 Editiones
897 3533 1007 3582 textus
1021 3534 1152 3595 recepti.

383 3679 496 3742 Tectae
510 3695 649 3766 receptas
664 3681 782 3745 dicitur
789 3732 799 3762 ,
823 3685 882 3767 qai
893 3685 927 3746 a'rr
942 3685 1128 3750 editionibus
1142 3687 1372 3752 Elaeoa‘rabram
1388 3694 1523 3754 occurrat

294 3779 322 3828 et
330 3787 392 3848 per
407 3765 662 3862 approbationem
677 3769 711 3830 a'n
726 3791 913 3831 commanem
928 3772 1008 3834 abab
1023 3795 1120 3834 asum.
1154 3773 1313 3853 Eizevirii,
1329 3777 1522 3858 typographi

293 3849 442 3931 Lugduni
456 3849 667 3932 Batavorum,
690 3871 772 3918 anno
791 3854 881 3917 1624.
905 3854 1084 3937 elegantem
1098 3857 1136 3920 N.
1153 3859 1187 3922 T.
1205 3860 1376 3924 editionem
1400 3881 1439 3926 ex
1456 3861 1521 3927 offi-

294 3935 364 4000 cina
380 3953 438 3998 sua
453 3936 582 4015 prodire
597 3936 753 4018 feceruut,
774 3942 811 4002 ut
825 3939 991 4020 inscriptio
1007 3942 1098 4021 dicit,
1122 3962 1159 4007 ex
1174 3944 1271 4027 regiis
1286 3944 1423 4026 aliisque
1440 3948 1520 4028 opti·
1640 3943 1641 3974 ³

292 4019 353 4085 mis
370 4020 562 4086 editionibus
577 4022 726 4087 haustam
741 4028 774 4088 et
789 4025 866 4089 cura
880 4025 1070 4105 impressam
1084 4026 1186 4093 forma
1203 4030 1250 4094 16.
1267 4066 1309 4074 -
1328 4030 1392 4096 Per
1408 4033 1520 4097 editio-

293 4124 349 4170 nes
369 4112 478 4171 autem
498 4107 604 4188 regias
624 4109 746 4172 nonnisi
768 4108 839 4173 illas
855 4111 988 4175 Roberti
1004 4113 1170 4193 Stephani,
1193 4115 1366 4196 praecipue
1380 4118 1519 4196 tertiam,

295 4195 327 4256 et
348 4209 408 4271 per
429 4191 509 4256 alias
532 4193 669 4273 optimas
692 4194 847 4260 editiones
869 4194 941 4259 illas
965 4195 1070 4262 Bezae
1091 4198 1314 4282 intelligendas
1335 4221 1420 4282 esse,
1443 4202 1519 4267 'inde

294 4275 379 4340 clare
401 4280 506 4356 patet,
530 4279 616 4358 quod
632 4298 741 4343 omnes
763 4279 932 4359 lectioneS,
955 4281 987 4345 in
1010 4283 1125 4363 quibus
1141 4285 1371 4351 Elzeviriorum
1387 4288 1519 4352 editioa

295 4361 447 4441 Stephani
463 4363 559 4427 tertia
575 4363 726 4443 discedit,
749 4365 781 4427 in
800 4364 862 4429 illis
877 4367 998 4446 Barac,
1021 4373 1053 4432 et
1074 4370 1203 4449 quidem
1218 4372 1268 4436 vel
1285 4372 1319 4435 in
1334 4376 1424 4437 textu
1440 4373 1518 4453 ipso,

293 4445 343 4509 vel
357 4445 390 4509 in
405 4449 548 4530 margine
564 4456 600 4513 ut
615 4449 775 4514 variantes
790 4457 920 4515 notatae
935 4451 1152 4534 inveniuntur3
1175 4457 1247 4521 hinc
1261 4457 1348 4522 Beza
1362 4463 1457 4539 pater
1472 4462 1519 4523 est

294 4535 401 4596 textus
416 4533 551 4615 recepti,
574 4535 685 4617 proavi
700 4539 808 4599 autem
828 4536 896 4617 ejus
913 4543 988 4603 suut
1004 4539 1159 4606 editiones
1173 4541 1349 4623 principes3
1372 4562 1460 4624 nam,
1483 4547 1519 4606 ut
