3364 5156
602 321 887 384 *221*-

137 489 228 554 Patre
241 493 403 570 potestate
418 494 451 554 11
467 491 607 556 essentia
620 492 829 573 gaudentem
845 492 962 557 ludaei
977 493 1082 559 denuo
1092 494 1219 576 lapides
1228 497 1365 578 tollunt,

137 581 170 641 ut
183 575 349 656 projiciant
362 575 394 639 in
407 594 488 641 eum.
512 577 533 640 J
535 595 609 642 esus
620 596 640 641 a
652 597 687 642 se
698 578 857 642 dictorum
867 577 1037 642 veritatem
1048 581 1166 660 probat
1178 580 1272 646 factis
1288 584 1355 648 suis

137 661 258 739 divinis,
281 661 459 725 adversarii
473 666 582 726 autem
597 681 670 728 eum
686 663 954 744 comprehendere
976 671 1150 746 quaerunt3
1174 686 1274 748 quare
1288 669 1355 735 Do-

136 745 233 810 minus
244 745 277 810 in
287 745 443 812 Peraeam
455 747 532 827 abit,
546 753 578 813 et
590 748 682 813 multi
693 749 735 816 ad
748 767 820 814 eum
832 749 995 814 venientes
1009 751 1143 815 credunt
1155 754 1204 832 10,
1217 753 1354 819 22—42.

213 832 234 896 J
236 849 309 896 esus
324 831 515 897 Bethaniam
535 833 569 899 in
590 834 705 898 vicinia
719 833 1014 915 Hierosolymorum
1033 836 1118 901 redit
1140 842 1173 902 et
1194 840 1354 906 Lazarum

135 921 288 982 mortuum
304 918 456 997 suscitat,
480 918 556 982 dum
571 918 663 984 multi
678 920 710 984 in
726 938 799 984 eum
814 920 964 999 credunt,
988 922 1171 1001 synedrium
1187 943 1260 989 eum
1281 944 1354 1007 per-

134 1003 223 1067 dendi
245 1003 331 1083 capit
349 1003 567 1085 propositum;
593 1024 694 1085 quare
716 1005 748 1069 in
769 1005 931 1086 regionem
953 1011 1136 1071 montanam
1158 1009 1240 1090 abit,
1267 1016 1300 1076 et
1313 1013 1355 1076 iu

134 1088 257 1153 civitate
270 1088 413 1170 Ephrem
428 1108 501 1154 cum
515 1090 682 1172 discipulis
697 1091 764 1156 suis
778 1095 924 1156 moratur
940 1110 965 1156 c.
983 1093 1031 1156 11.

211 1175 309 1238 Jesus
331 1193 386 1240 sex
406 1175 475 1240 dies
497 1180 572 1240 ante
590 1177 711 1256 pascha
733 1177 924 1241 Bethaniam
947 1177 1049 1258 venit,
1075 1177 1159 1244 inter
1181 1197 1312 1246 coenam
1335 1200 1355 1246 a

132 1259 243 1339 Maria,
264 1260 382 1325 Lazari
396 1279 507 1326 sorore
522 1263 668 1344 ungitur,
691 1269 845 1344 sequente
860 1262 913 1327 die
928 1263 1026 1328 asello
1041 1269 1152 1329 vectus
1169 1270 1201 1331 et
1215 1284 1235 1330 a
1250 1267 1355 1332 turbis

131 1344 262 1410 Messias
278 1345 438 1412 salutatus
453 1345 709 1428 Hierosolymam
723 1348 904 1430 ingreditur
919 1367 943 1412 c.
962 1351 1010 1413 12.

210 1431 412 1514 1111111111.
429 1455 455 1495 c.
470 1431 624 1496 13-20.
659 1435 799 1498 Joannes
815 1452 853 1499 ea
867 1439 994 1514 narrat,
1019 1454 1102 1516 quae
1123 1436 1242 1516 partim
1258 1437 1355 1502 lesus

131 1533 232 1580 coram
247 1516 324 1582 solis
340 1516 505 1599 discipulis
521 1519 588 1583 suis
602 1517 678 1584 fecit
690 1525 722 1584 11
733 1519 821 1599 dixit,
837 1520 955 1600 partim
966 1519 999 1584 in
1011 1521 1208 1602 captivitate,
1224 1523 1355 1588 damna·

129 1601 218 1680 tione,
233 1607 339 1667 morte
355 1607 388 1668 et
402 1609 478 1684 post
491 1605 759 1670 resurrectionem
773 1604 903 1668 Domini
918 1611 1100 1670 evenerunt.

210 1688 308 1752 Jesus
331 1706 462 1753 coenam
483 1689 666 1770 paschalem
690 1689 854 1755 celebrans
869 1690 1034 1771 Apostolis
1057 1692 1123 1756 suis
1142 1693 1242 1772 pedes
1256 1693 1354 1773 lavat,

129 1773 323 1851 proditorem
339 1791 433 1838 suum
448 1773 610 1857 designat,
631 1794 693 1856 quo
710 1775 856 1856 digresso
876 1776 942 1839 suis
959 1794 1104 1841 sermone
1118 1777 1254 1859 longiori
1269 1779 1354 1844 vale·

130 1857 232 1922 dicens
248 1863 391 1924 moestos
407 1878 517 1924 eorum
533 1861 655 1926 animos
671 1860 766 1942 erigit
781 1879 839 1942 spe
853 1861 978 1926 unionis
993 1861 1083 1926 brevi
1097 1861 1226 1928 futurae
1238 1869 1271 1928 et
1280 1883 1355 1945 pro·

129 1943 276 2008 missione
291 1944 452 2009 Paracleti
467 1945 629 2024 mittendi3
653 1964 708 2011 eos
724 1946 766 2010 ad
781 1944 905 2010 firmam
920 1945 953 2010 in
968 1965 1002 2011 11
1017 1945 1126 2028 fidem,
1150 1949 1192 2011 ad
1207 1955 1355 2013 constan-

128 2028 201 2093 tiam
212 2029 245 2094 in
257 2048 366 2111 pugna
377 2030 561 2096 imminente
573 2050 644 2096 cum
655 2032 773 2096 mundo
785 2031 943 2111 hortatur,
955 2032 1154 2098 vincentibus
1165 2034 1355 2100 beatitatem

128 2120 289 2180 aeternam
303 2116 472 2196 promittit,
489 2121 521 2181 11
535 2116 685 2198 precibus
701 2117 956 2182 sacerdotahbus
969 2116 1040 2196 finit
1055 2137 1080 2183 c.
1098 2120 1232 2183 13—17.

189 2241 194 2248 -
213 2201 234 2265 J
235 2219 312 2266 esus
326 2200 359 2265 in
373 2208 482 2266 monte
498 2202 615 2268 Ohveti
635 2203 775 2283 capitur,
798 2204 840 2267 ad
853 2203 978 2267 Annam
999 2209 1032 2268 et
1047 2203 1202 2285 Caipham
1216 2205 1355 2287 ducitur,

131 2286 259 2352 aPetro
275 2291 326 2351 ter
340 2293 486 2369 negatur,
502 2287 688 2352 auctoribus
704 2288 906 2354 sacerdotum
920 2288 1118 2370 principibus
1129 2297 1162 2355 et
1172 2292 1355 2372 partepha-

130 2371 243 2445 risaica
266 2390 286 2435 a
307 2371 413 2438 Pilato
435 2372 535 2438 invito
555 2372 735 2455 flagellatus
759 2374 874 2454 capitis
896 2375 1067 2440 damnatur
1088 2380 1121 2440 et
1143 2374 1356 2458 crucifigitur3

24 2461 28 2472 '
128 2463 319 2538 procurator
340 2458 443 2523 crucis
466 2458 595 2523 titulum
617 2464 743 2525 mutare
765 2464 907 2539 recusat;
927 2460 1046 2526 milites
1069 2462 1260 2527 vestimenta
1275 2463 1355 2528 lesu

129 2544 187 2610 sibi
201 2543 364 2622 dividunt;
387 2544 408 2608 J
410 2562 484 2608 esus
499 2550 635 2610 matrem
656 2564 747 2610 suam
763 2545 784 2609 J
786 2545 880 2610 oanni
895 2547 1108 2626 commendam
1132 2546 1355 2613 crucifixorum
1397 2549 1399 2553 ’

129 2648 219 2696 crura
233 2629 441 2710 franguntur,
465 2630 486 2694 J
488 2648 546 2694 esu
559 2635 668 2696 autem
679 2632 747 2713 jam
762 2631 881 2697 mortui
899 2631 985 2696 latus
999 2631 1110 2697 lanceat
1125 2632 1235 2698 militis
1250 2633 1356 2715 perio-

127 2720 229 2796 ratur;
248 2733 364 2795 corpus
380 2715 449 2795 ejus
465 2716 638 2796 alosepho
652 2717 693 2781 ab
704 2716 913 2782 Arimathaea
928 2723 961 2782 et
975 2717 1181 2783 aNicodemo
1196 2719 1229 2782 in
1244 2738 1355 2784 monu-

127 2807 231 2867 mento
248 2821 330 2867 nouo
345 2800 501 2880 sepelitur
516 2820 540 2866 c.
558 2801 607 2864 18.
625 2802 673 2865 19.
713 2805 714 2808 ’

209 2886 321 2952 Prima
335 2886 545 2952 hebdomadis
560 2885 613 2951 die
628 2885 732 2950 Maria
744 2887 934 2968 Magdalene
949 2887 991 2950 ad
1006 2885 1210 2968 sepulchrum
1225 2889 1354 2954 veniens

125 2971 265 3053 lapidem
280 2972 368 3036 videt
382 2971 563 3037 revolutum
577 2972 676 3053 idque
691 2972 821 3037 nunciat
835 2972 932 3037 Petro
954 2977 987 3036 et
1005 2972 1026 3036 J
1028 2972 1121 3037 oanni
1130 3023 1137 3051 ,
1147 2972 1231 3052 ·qui,
1255 2991 1353 3053 quum

125 3059 166 3122 ad
179 3062 421 3123 monumentum
436 3056 652 3136 festinassent,
666 3064 730 3122 non
745 3057 918 3136 inveniunt,
933 3057 995 3121 nisi
1009 3058 1217 3122 linteamenta
1231 3059 1353 3139 posita;

125 3142 173 3207 his
195 3143 352 3224 digressis
375 3143 472 3207 Jesus
493 3143 598 3224 primo
620 3148 756 3224 apparet
778 3143 899 3209 Mariae
920 3143 1045 3225 Magd,
1068 3142 1142 3207 dein
1165 3144 1277 3208 eadem
1300 3144 1353 3235 die

124 3246 258 3310 vespere
273 3227 395 3294 foribus
411 3227 528 3292 clausis
543 3229 744 3311 congregatis
760 3230 880 3309 decem,
900 3236 975 3310 post
989 3229 1162 3309 octiduum,
1181 3235 1353 3310 praesente

125 3313 221 3378 etiam
244 3314 382 3394 Thoma,
408 3313 557 3378 undecim
579 3313 752 3394 Apostolis.
797 3315 887 3379 Haec
911 3314 1065 3380 historiae
1090 3333 1166 3396 pars
1193 3315 1354 3380 clauditur

124 3398 340 3482 evangehstae
363 3399 579 3479 adnotatione,
602 3418 664 3463 non
686 3400 792 3464 omnia
806 3401 827 3465 J
830 3419 887 3466 esu
908 3399 996 3465 facta
1017 3399 1208 3465 miraculosa
1231 3401 1352 3482 scripta

124 3502 194 3550 esse
208 3486 243 3549 in
258 3485 339 3549 libro
354 3486 424 3566 hoc,
440 3489 473 3550 11
488 3484 681 3565 scriptorum
696 3503 812 3565 scopus
827 3486 1016 3551 nominatur.
1250 3524 1255 3532 ·

207 3570 378 3652 Appendix
393 3590 418 3636 c.
434 3572 484 3636 21.
501 3588 574 3634 eum
589 3569 621 3634 in
635 3568 731 3634 finem
746 3570 858 3635 addita
874 3578 931 3650 est,
951 3575 989 3634 ut
1003 3568 1204 3635 refelleretur
1218 3571 1352 3636 nonnul-

122 3653 226 3720 lorum
243 3656 358 3736 opinio,
375 3675 458 3737 quae
474 3675 512 3720 ex
526 3655 609 3720 male
623 3654 794 3720 intellectis
803 3655 923 3720 Christi
932 3655 1039 3720 verbis
1052 3660 1122 3720 erat
1136 3661 1218 3736 orta,
1234 3656 1255 3720 J
1257 3657 1351 3722 oanni

122 3740 279 3821 Apostolo
296 3759 367 3806 esse
382 3741 624 3820 annunciatum,
644 3740 726 3820 fore,
749 3746 786 3805 ut
800 3759 963 3822 nunquam
978 3745 1166 3806 moreretur.
1197 3742 1352 3823 Sequitur

122 3825 262 3892 solennis
277 3827 318 3892 de
333 3826 509 3892 veracitate
523 3826 664 3892 auctoris
680 3826 881 3892 contestatio.
920 3903 923 3907 ,

676 3995 704 4078 s.
722 3996 795 4060 141.

139 4129 210 4187 Quo
222 4135 378 4192 tempora,
391 4132 492 4183 ubist
505 4133 621 4192 quibua
632 4129 977 4200 lectoribusjssseripcum
990 4133 1106 4184 sithoc
1119 4131 1331 4192 evangelium.

207 4283 416 4366 Evangelium
431 4285 452 4349 J
454 4285 564 4351 oannis
579 4283 727 4349 ultimum
742 4304 814 4351 esse
829 4286 993 4367 scriptum,
1010 4302 1119 4350 omnes
1134 4279 1258 4365 antiqui
1273 4303 1347 4350 con-

120 4368 289 4450 sentiunt,1
304 4376 336 4435 11
352 4389 390 4436 ex
405 4371 509 4450 modo,
526 4389 588 4451 quo
604 4377 718 4436 auctor
732 4372 772 4437 de
783 4369 1111 4450 locisHierosolymae
1121 4369 1232 4434 vicinis
1244 4368 1347 4450 loqui-

127 4515 129 4518 ·
193 4541 203 4573 ¹
220 4536 246 4590 S.
257 4538 385 4592 Irenaeus
397 4537 456 4591 adv.
468 4537 542 4591 haer,
554 4537 602 4591 ΠΙ.
616 4540 652 4606 1.;
666 4537 789 4592 Clemens
801 4537 935 4660 Alexfiaf.
945 4537 1045 4592 Euseb.
1057 4537 1084 4590 h.
1094 4551 1116 4592 e.
1126 4537 1172 4591 VI.
1187 4536 1233 4604 14;
1246 4551 1267 4591 1.
1279 4536 1346 4606 Epi-

118 4603 202 4672 phan.
213 4603 319 4660 haeresi
330 4605 375 4660 LI.
389 4606 443 4674 123
457 4620 477 4660 1.
491 4605 644 4676 Hieronym.
657 4605 861 4661 (11111111111111.
916 4647 922 4660 .
