3314 5166
784 351 1070 416 -130-

313 521 499 604 pristinam,
523 540 648 587 errores
670 541 708 588 ac
722 541 839 588 naevos
853 522 990 604 ingenue
1004 521 1114 603 lateri,
1139 523 1215 606 quin
1238 523 1381 588 studium
1404 524 1534 605 prodant

314 607 392 672 talia
408 608 588 688 excusandi,
604 609 707 672 autin
722 608 900 690 benigniori
913 608 1033 674 lumine
1048 609 1236 687 collocandi3
1252 609 1381 674 tandem

401 695 431 758 4.
456 713 509 760 eos
525 701 627 759 semet
641 694 756 760 sistere
766 696 861 774 viros,
878 695 933 774 qui
946 693 1065 758 Christi
1077 713 1175 760 causa
1189 714 1251 760 non
1266 699 1392 760 tantum
1406 713 1533 760 commo·

314 778 364 844 dis
383 785 415 844 et
435 780 561 861 gaudiis
580 780 676 862 hujus
695 780 781 845 vitae
803 780 1073 860 renunciaverint,
1097 781 1154 846 sed
1177 782 1275 846 etiam
1288 781 1391 845 multa
1406 781 1533 846 adversa

309 864 377 945 jam
399 865 622 946 sustinuerint,
649 870 682 930 et
703 867 746 930 ad
768 865 974 948 gravissimas
997 865 1197 932 calamitates
1219 865 1425 948 perferendas
1447 885 1532 947 para·

315 950 432 1014 tissimi
448 952 512 1015 sint

400 1035 479 1100 Cum
489 1038 558 1118 jam
574 1055 612 1101 ex
627 1037 733 1118 operis
747 1037 863 1117 indole,
879 1055 963 1118 quae
977 1037 1021 1101 sit
1034 1037 1157 1103 indoles
1173 1037 1328 1117 unctoria,
1344 1056 1407 1102 non
1421 1041 1534 1102 temere

314 1121 499 1203 colligatur:
525 1141 587 1186 non
610 1122 759 1188 obstante
778 1141 902 1186 summo
921 1123 1066 1187 veritatis
1086 1123 1280 1204 virtutisque
1299 1140 1422 1201 amore,
1448 1140 1534 1202 quem

314 1207 434 1288 scripta
448 1207 486 1271 N.
500 1207 534 1271 T.
548 1209 680 1288 spirant,
695 1213 845 1274 auctores
861 1227 971 1273 eorum
985 1208 1177 1290 impostores
1191 1209 1320 1287 habere,
1335 1208 1534 1273 temerarium

314 1297 347 1357 et
362 1293 517 1374 injustum
532 1293 624 1375 foret,
639 1294 737 1375 idque
754 1314 790 1359 eo
806 1294 917 1376 magis,
934 1313 971 1360 ac
986 1293 1108 1359 nullum
1123 1295 1155 1359 in
1171 1295 1217 1360 eis
1231 1294 1388 1360 mendacii
1403 1313 1442 1359 ac
1456 1293 1534 1358 trau·

313 1378 364 1442 dis
380 1379 626 1444 committendae
641 1381 794 1444 motivum
810 1380 944 1461 cogitari
959 1381 1070 1461 possit.

398 1465 495 1529 Teste
517 1483 540 1529 s.
556 1466 738 1547 Augustino
761 1466 886 1546 (contra
901 1466 1011 1531 Faust.
1026 1465 1079 1530 lib.
1096 1465 1146 1529 33.
1162 1484 1188 1530 c.
1206 1465 1270 1548 12.)
1284 1466 1425 1530 Faustus
1441 1464 1535 1529 Mani·

313 1549 432 1614 chaeus
453 1551 553 1616 libros
567 1550 606 1616 N.
623 1552 657 1614 T.
681 1552 866 1633 suppositos
889 1569 960 1617 esse
983 1550 1208 1631 contendebat,
1233 1570 1296 1616 non
1317 1557 1425 1616 tamen
1445 1550 1535 1632 impio

313 1635 467 1716 quodam,
484 1636 541 1701 sed
557 1656 594 1701 eo
611 1637 713 1701 solum
729 1637 876 1717 consiliu,
892 1657 956 1719 quo
971 1638 1124 1718 majorem
1140 1638 1366 1702 auctoritatem
1381 1637 1535 1702 nancisce·
1651 1695 1652 1704 .

313 1724 433 1786 rentur.
474 1722 594 1788 Verum
608 1723 688 1788 haec
703 1724 886 1805 conjectura
900 1741 983 1789 vana
998 1727 1063 1802 est3
1079 1742 1162 1804 nam,
1176 1723 1293 1788 uteba
1307 1722 1434 1788 silentio
1450 1739 1535 1805 prae·
1651 1769 1652 1790 t

314 1806 539 1890 termittamus,
556 1809 724 1891 sequentia
739 1809 959 1874 observamus:
1650 1813 1652 1876 ξ

365 1957 368 1964 .
399 1890 433 1978 a)
456 1893 487 1958 N
489 1914 506 1959 e
520 1894 575 1976 pia
589 1895 627 1976 (l)
643 1895 772 1976 quidem
786 1893 888 1975 bans,
911 1899 949 1958 ut
963 1895 1070 1960 dicere
1085 1894 1200 1974 solent,
1220 1894 1367 1959 convenit
1380 1893 1472 1974 viris,
1488 1891 1536 1974 qm
1651 1893 1652 1896 ’

313 1983 379 2042 tam
393 1981 593 2059 praestantia
607 2000 732 2046 morum
745 1981 903 2063 principia
917 1981 1063 2061 tradunt,
1087 1984 1120 2046 et
1134 1981 1216 2045 adeo
1230 1980 1397 2061 praeclaro
1413 1980 1535 2046 charac-

314 2066 384 2130 tere
398 2065 511 2130 morali
526 2067 677 2149 gaudent,
693 2073 731 2131 ut
745 2073 894 2133 auctores
909 2067 947 2131 N.
963 2067 998 2130 T.

286 2229 292 2237 ι
399 2149 431 2235 b)
456 2152 617 2233 Impostor
636 2157 766 2218 cunctos
780 2152 880 2218 libros
894 2152 933 2218 N.
949 2153 984 2216 T.
1000 2151 1164 2234 Apostolis
1178 2150 1286 2232 potius
1308 2149 1536 2233 adscripsisset,

314 2253 411 2316 quam
426 2236 549 2318 absque
563 2238 689 2303 nomine
704 2244 871 2303 auctorum
886 2238 995 2320 plures
1011 2256 1121 2302 eorum
1136 2237 1300 2318 edidisset,
1315 2237 1366 2302 vel
1372 2235 1537 2317 Apostolo-

313 2339 385 2384 rum
400 2321 565 2402 discipulis
580 2323 814 2405 comitibusque
829 2324 985 2405 quosdam
1000 2323 1177 2387 tribuisset.

401 2406 429 2489 c)
454 2408 681 2489 Suppositores
696 2409 778 2475 tales
793 2430 856 2474 non
871 2415 928 2490 tot,
945 2415 1025 2490 quot
1038 2409 1203 2488 habemus,
1218 2407 1257 2472 N.
1269 2407 1304 2472 T.
1316 2407 1416 2472 libros
1436 2407 1537 2471 elucu-

314 2491 476 2573 brassent,
502 2513 542 2559 ne
561 2499 682 2560 temere
702 2495 763 2560 sibi
782 2496 1032 2576 multiplicarent
1050 2494 1193 2559 laborem
1216 2498 1249 2560 et
1270 2512 1342 2558 cum
1363 2513 1400 2558 co
1419 2491 1536 2557 fraudis

314 2577 512 2659 detegendae
537 2581 730 2662 periculum,
756 2582 865 2662 plures
892 2581 975 2649 enim
997 2580 1071 2644 libri
1092 2579 1123 2644 N
1125 2631 1131 2643 .
1152 2580 1187 2644 T.
1208 2579 1352 2660 aequalis
1378 2578 1447 2644 fere
1469 2581 1537 2644 sunt

313 2665 510 2746 argumenti,
539 2668 587 2732 ita
615 2671 668 2748 ut,
698 2667 726 2732 si
751 2667 910 2750 suppositi
936 2670 1059 2746 essent,
1089 2665 1231 2731 nonnulli
1259 2663 1414 2747 superflui
1441 2662 1537 2730 videri

312 2751 503 2831 potuissent.

379 3067 381 3070 Ι
491 2973 537 3075 Β)
571 2977 799 3069 Argumenta
817 2980 967 3048 externa
984 2995 1033 3047 ss.
1052 2973 1098 3048 N.
1117 2971 1161 3046 T.
1179 2970 1360 3047 librorum.

876 3144 904 3227 s.
927 3144 979 3210 aa.

666 3284 788 3351 Eorum
801 3281 920 3333 divisio
937 3282 971 3332 et
983 3284 1189 3332 momentum.

398 3435 463 3500 Per
484 3449 668 3524 arqameata
690 3450 819 3500 caterno
844 3435 1022 3499 authentice
1043 3435 1196 3498 labrorum
1215 3434 1257 3498 N.
1279 3433 1312 3497 T.
1336 3433 1534 3519 intemptatae

269 3569 272 3574 1
304 3521 373 3605 fida
385 3522 482 3608 digna
494 3525 698 3607 aotr'qaorom
712 3521 896 3585 testimonia.
925 3520 1092 3603 Ejusmodi
1106 3523 1214 3585 autem
1229 3519 1446 3584 testimonium
1460 3517 1534 3582 libro

316 3608 442 3672 cuidam
457 3609 620 3689 redditur,
643 3609 720 3672 dum
741 3607 792 3672 vel
813 3607 895 3672 liber
910 3611 943 3672 et
957 3611 1069 3671 auctor
1083 3606 1285 3670 nominantur
1299 3609 1332 3671 et
1347 3605 1444 3670 effata
1456 3603 1534 3668 illius

316 3693 470 3775 citantur;
493 3695 542 3760 vel
556 3695 619 3760 loci
633 3694 810 3758 affemmtur
825 3712 896 3759 cum
911 3693 980 3758 sola
994 3693 1061 3757 sive
1075 3692 1216 3756 auctoris
1231 3691 1298 3756 sive
1318 3691 1393 3756 libri
1406 3706 1533 3756 comme

314 3779 508 3860 moratione;
534 3780 584 3845 vel
610 3781 638 3844 si
664 3779 760 3845 effata
785 3783 910 3842 tantum
931 3779 1025 3860 plura
1048 3783 1105 3842 aut
1125 3776 1294 3858 pauciora,
1319 3777 1463 3858 longiora
1483 3775 1534 3837 aut

314 3862 463 3930 breviora
490 3885 508 3930 e
532 3865 614 3930 libro
639 3865 819 3948 allegantur
843 3882 916 3929 cnm
941 3864 1063 3928 diserta
1083 3868 1191 3928 tamen
1216 3862 1438 3942 adnotatione,
1464 3875 1534 3925 eae
1643 3899 1644 3936 2

315 3949 477 4030 scriptura
488 3969 559 4016 esse
573 3952 728 4031 repetita,
743 3950 794 4015 vel
809 3949 836 4014 si
848 3950 970 4030 absque
981 3947 1046 4012 ulla
1057 3949 1099 4012 ad
1114 3949 1307 4029 scripturam
1317 3946 1533 4030 provocatione
1643 3957 1644 3960 ’

314 4035 376 4100 loci
390 4036 550 4120 longiores
566 4041 599 4102 et
613 4036 693 4101 adeo
709 4039 859 4102 accurate
873 4034 1063 4113 afferuntur,
1085 4039 1122 4097 ut
1137 4053 1154 4098 e
1169 4033 1341 4098 traditione
1357 4033 1437 4098 orali
1452 4045 1533 4122 repe
1642 4083 1643 4110 ,

314 4121 368 4185 titi
383 4122 505 4188 censeri
520 4122 572 4187 vix
585 4121 727 4206 possint;
752 4122 803 4186 vel
818 4121 956 4201 denique
971 4119 998 4184 si
1012 4119 1094 4184 liber
1108 4119 1293 4185 notissimus
1316 4124 1404 4186 certo
1420 4120 1533 4182 auctori
1642 4111 1643 4200 l

315 4206 355 4272 ob
371 4209 577 4274 traditionem
593 4212 791 4273 constantem
807 4205 900 4270 claris
916 4205 1022 4270 verbis
1041 4205 1236 4270 attribuitur.
1642 4203 1643 4218 ¹

400 4294 597 4360 Testimonia
611 4294 690 4359 haec
705 4297 795 4357 tanto
817 4290 948 4372 majoris
970 4290 1123 4356 momenti
1142 4307 1226 4369 csse,
1249 4293 1369 4370 quanto
1390 4285 1533 4353 viciniora

316 4383 391 4443 sunt
405 4381 506 4446 aetati
525 4379 730 4462 apostolicae,
746 4396 799 4443 res
812 4377 884 4459 ipsa
895 4376 1005 4456 docet;
1021 4379 1073 4440 ast
1085 4395 1150 4442 non
1163 4375 1292 4440 levioris
1303 4375 1454 4456 ponderis
1468 4371 1533 4466 sunt

315 4464 515 4531 saeculorum
528 4467 746 4549 proximorum
761 4461 959 4542 testimonia,
984 4465 1143 4543 quatenus
1160 4465 1327 4527 constante
1342 4460 1414 4528 aevi
1427 4458 1532 4542 prioris

315 4551 488 4618 traditione
503 4557 537 4620 et
551 4553 651 4619 totius
666 4549 869 4632 antiquitatis
884 4566 1040 4616 consensu
1054 4547 1208 4614 nituntur.
1642 4544 1643 4555 ’
