3356 5176
461 503 517 576 De
533 501 786 575 mutationibus
803 506 936 595 textus,
958 521 1051 596 quae

704 671 732 753 s.
754 673 805 737 42.

542 810 571 860 2.
591 809 755 862 consultae
767 810 871 860 factae
883 811 968 860 sunt.

229 946 424 1012 Mutationes
454 947 486 1010 in
515 946 585 1028 ipso
615 951 705 1011 textu
734 945 910 1011 deliberate
939 947 1108 1025 susceptae
1137 947 1225 1022 sunt,
1256 947 1292 1006 ut
1317 942 1369 1007 vel

132 1028 355 1112 perspicuitas
377 1035 635 1113 promoveretur,
662 1032 713 1097 vel
735 1030 907 1096 difficultas
929 1033 1155 1096 removeretur.
1200 1027 1368 1092 Lectiones

131 1117 361 1196 introductae,
392 1136 474 1198 quae
496 1118 720 1199 perspicuitati
741 1116 976 1198 promovendae
997 1114 1189 1192 inserviunt,
1220 1131 1238 1178 e
1264 1113 1369 1177 causis

54 1225 57 1230 ·
131 1203 404 1282 hermenenticiS,
429 1222 511 1284 qnae
526 1221 601 1268 vero
617 1204 658 1267 ad
674 1202 895 1268 difficultatem
910 1202 1134 1268 removendam
1150 1195 1330 1278 conferunt,
1352 1217 1369 1263 e

133 1289 323 1354 rationibus
339 1289 528 1370 dogmaticis
544 1292 635 1354 ortae
650 1288 808 1355 dicuntur.

708 1510 736 1592 ς.
757 1511 810 1578 43.

366 1645 409 1712 A)
427 1647 626 1699 Mutationes
641 1661 658 1697 e
672 1648 776 1699 causis
788 1609 1037 1700 hermeneutlcls
1050 1651 1148 1701 ortae.

230 1783 368 1849 Librarii
383 1789 416 1848 et
430 1783 566 1850 lectores
582 1785 780 1850 diversorum
801 1790 981 1866 temporum
1003 1804 1041 1851 ac
1062 1786 1243 1867 regionum,
1265 1790 1303 1848 ut
1323 1784 1370 1849 rei

138 1875 280 1934 naturae
302 1871 411 1949 docet,
434 1870 467 1934 in
489 1889 605 1951 genere
627 1871 795 1936 lectionem
811 1869 1018 1935 difficiliorem
1033 1873 1142 1952 potius
1156 1876 1323 1935 mutarunt
1337 1870 1369 1934 in

142 1955 333 2034 faciliorem
349 1973 446 2036 quam
460 1954 528 2021 vice
543 1974 652 2034 versa;
667 1956 700 2020 in
716 1957 822 2036 specie
836 1960 911 2020 vero‘
986 1963 998 1976 ⁸

229 2041 264 2122 a)
288 2040 403 2105 Graeci
415 2040 591 2118 lectionem,
608 2059 690 2121 quae
701 2041 928 2123 grammaticae
940 2042 1059 2123 regulis
1071 2042 1175 2105 minus
1186 2041 1368 2121 respondet,

146 2126 315 2191 mutabant
328 2127 362 2190 in
377 2145 462 2206 eam,
486 2126 645 2207 quasillis
668 2127 782 2193 melius
804 2126 967 2208 congruit3
988 2126 1062 2192 hinc
1083 2147 1111 2192 v.
1128 2147 1157 2208 g.
1172 2127 1271 2208 Apoc.
1289 2127 1323 2206 1,
1338 2126 1368 2189 4.

148 2218 253 2278 textus
273 2230 335 2276 rec.
359 2212 458 2277 habet
479 2208 621 2278 ἀπὸτοῦ
636 2213 662 2277 λ.
677 2233 736 2294 pro
752 2209 820 2279 ἀπὸ
835 2208 854 2279 ὁ
870 2211 915 2278 ob
929 2212 984 2278 καί
999 2210 1017 2279 ὁ
1032 2207 1083 2299 ἦν·
1105 2212 1181 2277 ibid.
1198 2214 1232 2292 2,
1249 2212 1299 2275 20.
1314 2211 1370 2295 τὴν

144 2297 280 2406 porcino}
297 2319 354 2363 ooo
369 2293 582 2404 ’laodpleivtip
596 2298 754 2406 ie'yocoov
774 2316 833 2378 pro
855 2295 875 2386 ἡ
897 2296 1053 2405 λέγουσα·
1081 2298 1158 2363 ibid.
1182 2300 1218 2377 3,
1245 2298 1291 2361 12.
1314 2300 1371 2386 τῆς

143 2408 262 2549 mdc)
278 2384 1157 2550 Ιῇἓίίάιίίηλιίάιίιίλίιίίιενάίιελίίαεεαίάτὲιβάίίάυαίῗἀι
1180 2470 1236 2533 Mt.
1259 2469 1296 2547 4,
1321 2469 1370 2532 16.

141 2559 213 2632 τοῖς
225 2552 427 2639 καθημένοις
440 2589 482 2598 -
498 2550 636 2620 ἀνέτειλε
655 2555 724 2621 loco
747 2552 777 2622 oi
800 2554 980 2644 καθημένοι
1002 2591 1045 2600 -
1066 2551 1222 2622 ἀνέτειλεν
1244 2550 1370 2632 αὐτοῖς·

142 2639 220 2704 ibid.
238 2639 273 2718 7,
289 2639 340 2702 24.
360 2641 428 2716 πᾶς
448 2635 466 2706 ὁ
489 2635 616 2706 ἀκούων
637 2677 679 2684 —
702 2638 946 2729 ὁμοιωθήσεται
969 2641 1059 2705 codd.
1082 2641 1136 2705 BZ
1158 2641 1288 2706 minusc.
1310 2658 1370 2720 pro

145 2722 302 2807 ὁμοιώσω
319 2720 435 2790 αὐτόν·
451 2724 480 2803 8,
495 2725 525 2788 b.
540 2744 599 2805 pro
614 2722 816 2805 είςελθόντος
827 2721 929 2793 αάτοῦ
945 2723 993 2804 εἷς
1007 2727 1217 2816 Καφαρναύμ
1232 2727 1371 2814 προςῆλ-

143 2815 206 2876 θεν
221 2805 310 2894 αὐτῷ
326 2814 403 2874 text.
420 2828 481 2874 reo.
497 2807 674 2889 εἰςελθόντι
690 2808 779 2899 αὐτῷ
795 2809 843 2889 εἰς
858 2818 898 2877 Κ.
915 2812 1106 2899 προςῆλθεν.

229 2894 260 2975 a)
283 2895 452 2960 Lectiones
477 2895 581 2959 minus
607 2895 745 2960 usitatas
770 2897 908 2962 transire
933 2893 1077 2962 iecerunt
1108 2897 1140 2960 in
1170 2895 1370 2977 frequentius

141 2986 346 3046 recurrentes
362 2998 420 3045 seu
435 2980 562 3058 solitas,
586 3000 614 3044 v.
630 3000 659 3061 g.
676 2980 725 3045 Jo.
744 2982 800 3060 11,
824 2981 872 3044 19.
888 2980 972 3068 πρὸς
985 2980 1045 3059 τὰς
1058 2981 1135 3068 περὶ
1150 2979 1301 3066 Μάρθαν
1314 2979 1369 3046 καὶ

146 3062 287 3152 Μαρίαν
300 3065 333 3130 in
348 3065 432 3150 πρὸς
445 3065 502 3153 τὴν
516 3071 565 3132 M.
580 3090 607 3131 κ.
628 3071 675 3130 Μ.

230 3148 267 3231 d)
291 3151 466 3215 Obscurius
492 3151 587 3216 dictis
613 3151 849 3217 substituerunt
875 3150 1025 3230 clariora;
1051 3170 1079 3214 v.
1102 3170 1131 3232 g.
1155 3152 1212 3215 Mt.
1238 3152 1293 3229 lo,
1316 3151 1368 3215 42.

143 3232 268 3315 ἀδατας
283 3237 429 3300 additum
443 3238 486 3300 ad
500 3239 644 3322 ψυχροῦ·
659 3236 735 3302 ibid.
751 3239 802 3316 23,
818 3239 868 3301 25.
884 3233 992 3304 ἀδικία
1007 3237 1076 3303 loco
1092 3233 1243 3322 ἀκρασία·
1265 3237 1324 3301 Mr.
1341 3235 1369 3314 7,

144 3321 173 3384 5.
189 3315 340 3400 ἀνίπτοις
355 3321 446 3408 χερσὶ
465 3326 573 3388 textus
588 3341 650 3387 reo.
666 3342 725 3403 pro
739 3329 860 3402 κοιναῖς
873 3350 902 3406 χ.
920 3323 973 3402 12,
998 3323 1046 3387 14.
1063 3322 1297 3407 ἕπικεφαλαιον
1311 3341 1369 3402 pro

144 3409 274 3492 κῆνσον·
295 3408 371 3471 Luc.
389 3407 438 3486 11,
454 3407 505 3471 54.
523 3405 690 3495 ζητοῦντες
704 3404 853 3497 ἀφορμήν
867 3433 938 3475 τινα
952 3409 1064 3492 λαβεῖν
1077 3405 1178 3475 critob
1193 3409 1225 3472 in
1248 3408 1315 3472 cod.
1331 3407 1370 3470 D.

146 3510 204 3570 pro
221 3489 286 3580 ζητ.
301 3489 466 3580 θηρεῦσαί
480 3517 511 3558 τι
527 3491 563 3558 ἐκ
577 3493 634 3560 τοῦ
652 3494 813 3578 στόματος
827 3488 942 3560 αὐτοῦ·
972 3493 993 3557 J
995 3513 1022 3558 o.
1038 3495 1071 3571 6,
1096 3493 1146 3557 51.
1168 3489 1187 3580 ἡ
1207 3491 1290 3579 σάρξ
1306 3517 1370 3577 μου

147 3575 237 3642 ἐστίν
255 3569 294 3665 ἣν
309 3575 374 3661 ἐγώ
392 3575 490 3644 δώσω
506 3572 592 3662 ὑπὲρ
605 3581 662 3664 τῆς
675 3580 734 3644 τοῦ
750 3577 871 3662 κόσμου
890 3577 974 3660 ζωῆς
987 3575 1080 3666 proci
1100 3578 1182 3659 σάρξ
1200 3603 1264 3659 μου
1283 3577 1372 3644 ἐστὶν

145 3658 231 3748 ὑπὲρ
246 3664 303 3750 τῆς
316 3665 375 3730 τοῦ
390 3662 481 3745 κόσμ.
498 3661 597 3750 ζωῆς·
612 3663 682 3727 Act.
698 3664 734 3741 5,
750 3663 800 3725 36.
816 3663 918 3746 μέγαν
931 3663 963 3726 in
979 3663 1069 3728 codd.
1085 3661 1217 3727 ADE**
1232 3663 1274 3727 ad
1288 3657 1372 3728 εἶναι

144 3771 215 3814 τινα
239 3743 354 3814 ἑαυτόν
375 3748 539 3825 additum3
562 3746 585 3810 I.
602 3747 712 3812 Thess.
734 3748 764 3827 4,
789 3749 817 3812 3.
840 3744 910 3816 ἀπὸ
931 3746 1041 3835 πάσης
1060 3751 1118 3836 τῆς
1138 3746 1291 3835 πορνείας
1312 3768 1372 3829 pro

145 3827 214 3898 ἀπὸ
244 3835 302 3920 τῆς
328 3830 490 3918 πορνείας.
539 3831 716 3914 Praecipue
737 3833 799 3898 huc
824 3832 965 3914 pertinet
988 3833 1219 3914 particularum
1243 3853 1372 3915 permu-

145 3917 237 3996 tatio,
254 3936 317 3999 qno
332 3917 458 3998 planior
472 3916 663 3983 redderetur
678 3923 860 3996 contextus;
883 3918 936 3982 sic.
952 3937 980 3981 v.
996 3937 1025 4000 g.
1041 3919 1062 3983 J
1064 3939 1091 3984 o.
1108 3920 1137 3998 6,
1152 3920 1203 3983 40.
1218 3925 1293 3984 test.
1308 3939 1370 3985 rec.

147 4021 218 4068 cum
233 4002 379 4083 pluribus
394 4003 526 4068 minusc.
541 4004 639 4069 habet
654 4003 692 4070 δέ
705 4003 774 4069 loco
790 4005 852 4089 γάρ
868 4003 1012 4069 codicum
1026 4004 1258 4087 antiquiorum3
1280 4005 1370 4070 Rom.

146 4089 175 4168 5,
191 4089 220 4152 6.
237 4087 291 4153 alii
306 4085 364 4171 ἔτι,
381 4089 437 4154 alii
451 4085 486 4155 εἴ
497 4112 539 4171 γε,
556 4089 611 4154 alii
625 4086 673 4168 εἷς
686 4086 720 4155 τί
734 4088 853 4170 legunt.

234 4173 263 4255 ι)
291 4175 491 4252 Lectionem,
521 4193 604 4256 quae
630 4175 699 4239 sine
724 4173 865 4241 uberiori
889 4174 1043 4240 historiae
1070 4180 1103 4240 et
1129 4174 1371 4255 archaeologiae

148 4259 328 4341 cognitione
342 4279 405 4324 non
419 4258 512 4324 facile
526 4260 724 4341 intelligitur,
741 4263 976 4325 commutarunt
995 4279 1067 4326 cum
1090 4280 1146 4338 ea,
1170 4260 1260 4340 cujus
1283 4259 1331 4324 vis
1350 4279 1371 4324 a

148 4344 260 4425 quovis
283 4344 407 4410 facilius
430 4344 640 4426 perspicitur;
662 4365 692 4408 v.
709 4364 737 4426 g.
753 4344 829 4409 Luc.
845 4346 905 4424 23,
930 4345 981 4409 54.
997 4344 1101 4435 ἡμέρα
1121 4340 1159 4432 ἦν
1180 4345 1368 4433 παρασκευή

151 4448 220 4494 cum
235 4423 272 4512 ἦν
286 4429 323 4496 δὲ
337 4427 440 4517 ἡμέρα
456 4429 694 4515 προσάββατον.

234 4514 358 4596 Regula
387 4516 514 4581 critica:
551 4515 661 4580 Lectio
690 4515 912 4596 grammatice,
943 4517 1117 4599 rhetorice,
1148 4515 1309 4598 exegetice
1338 4520 1371 4581 et

151 4600 387 4682 archaeologice
402 4600 561 4667 difficilior
575 4599 785 4680 praeferenda
799 4607 850 4667 est
863 4600 1006 4669 faciliori.
