3314 5166
765 337 1028 401 ..94-

281 511 358 574 Luc.
375 511 404 589 3,
428 509 456 572 1.
482 526 593 573 vocem
616 510 866 594 τετραρχοῦντος
888 508 1029 572 reddidit
1053 525 1127 588 per:
1153 507 1230 570 dum
1253 513 1339 571 esset
1363 508 1508 588 princeps

283 613 383 676 super
398 600 547 675 quartam
561 599 687 673 partem
703 591 875 672 Galilaeae,
890 593 1019 659 itureae
1035 601 1111 670 etc.;
1134 591 1190 655 Mt.
1206 592 1257 670 22,
1272 593 1301 655 4.
1316 592 1388 657 lece
1402 596 1455 659 καὶ
1470 593 1521 657 τὰ·

282 679 411 747 uerteret
427 678 506 760 legit
519 699 724 758 κατασιστοις
744 677 802 758 Μη.
818 679 848 757 4,
866 677 915 742 19.
932 672 984 757 αἷς
999 675 1212 765 πορευόμενοι
1234 675 1303 742 loce
1325 674 1511 764 εἰςπορευίν

283 789 390 850 μονοις
404 763 425 829 J
427 783 454 828 0.
466 764 496 842 5,
508 763 538 827 2.
549 781 643 828 voces
655 781 805 844 graecae:
822 763 881 829 ἐπὶ
895 767 934 852 τῇ
945 765 1125 862 προβατικῇ
1136 763 1352 861 κολυμβήθρα
1368 768 1512 829 retentae

284 855 368 915 sunt.
413 849 533 914 Textus
555 865 690 930 graecus
712 847 851 913 familiae
874 854 945 913 erat
966 847 1139 913 erientahs.
1184 847 1298 912 Versae
1316 849 1396 913 haec
1411 849 1512 913 serius

282 934 477 999 mutationes
488 929 602 998 'varias
623 933 723 998 subiit
745 952 763 998 e
784 932 984 999 versionibus
1007 933 1131 1014 syriaca
1153 938 1187 997 et
1209 933 1350 1014 ceptica,
1377 951 1513 1014 quarum

283 1019 418 1101 margini
434 1024 505 1083 erat
518 1018 692 1098 adscripta,
707 1035 843 1083 necnon
859 1037 876 1083 e
891 1025 982 1084 textu
996 1025 1149 1101 graeee;¹
1172 1037 1273 1100 quare
1286 1039 1349 1084 nen
1365 1019 1514 1084 obstante

286 1105 527 1185 antiquitatem
542 1123 577 1168 re
592 1104 703 1168 critica
718 1104 849 1168 mineris
864 1109 914 1169 est
928 1105 1110 1170 momenti.²

374 1189 454 1254 Post
476 1189 678 1253 Muhamedis
700 1195 835 1253 mertem
856 1190 1013 1270 dynastae
1035 1187 1208 1254 meslemici
1229 1189 1399 1270 imperium
1422 1207 1516 1252 suurn

283 1275 358 1356 igne
374 1279 407 1340 et
428 1273 513 1338 lerre
530 1281 562 1339 et
578 1293 615 1338 ee
632 1291 703 1338 cum
726 1292 877 1339 successu
899 1275 1091 1354 dilatarunt,
1114 1279 1151 1338 ut
1172 1273 1300 1355 populis
1316 1273 1451 1340 devictis
1464 1273 1517 1337 vel

283 1359 426 1441 hnguam
450 1378 542 1423 suam
567 1360 785 1424 obtruderent.
829 1359 866 1424 Ιη
888 1361 997 1441 Syn'a,
1022 1361 1056 1424 in
1077 1361 1224 1441 Aegypte
1248 1365 1280 1424 et
1304 1360 1337 1423 in
1359 1359 1518 1440 Hispania

283 1444 394 1526 lingua
405 1444 575 1509 vernacula
588 1445 622 1508 in
637 1445 725 1510 cultu
740 1445 870 1526 quidem
885 1445 992 1532 divino
1007 1444 1222 1523 retinebatur3
1238 1449 1290 1508 ast
1300 1444 1416 1526 vulgus
1430 1443 1518 1507 illius

284 1529 375 1594 brevi
396 1529 543 1610 ignarum
564 1529 597 1592 in
618 1529 705 1595 vitae
727 1530 933 1611 quotidianae
951 1531 1139 1595 commercio
1162 1530 1291 1594 arabice
1313 1530 1517 1611 loquebatur,

285 1615 424 1694 ideoque
437 1614 470 1677 in
485 1615 581 1678 terris
596 1613 765 1680 nominatis
776 1615 931 1680 versionis
947 1616 1095 1680 arabicae
1110 1615 1285 1680 necessitas
1297 1622 1347 1680 est
1360 1623 1433 1679 orta
1449 1621 1518 1678 tum

285 1700 329 1763 ad
350 1699 646 1780 interpretationem
668 1701 822 1765 versionis
844 1701 970 1783 patriae
992 1701 1181 1781 antiquioris
1196 1701 1229 1765 in
1246 1699 1519 1780 praelectionibus

287 1783 520 1864 ecclesiasticis
539 1791 608 1849 tum
623 1786 665 1849 ad
680 1804 758 1850 usus
772 1787 925 1866 privates.
955 1787 998 1850 Et
1013 1805 1128 1866 reapse
1142 1805 1204 1850 nen
1219 1785 1285 1849 rari
1300 1790 1375 1850 sunt
1390 1785 1520 1850 cedices

287 1869 507 1950 syro-arabici,
528 1870 788 1950 ceptice-arabiei
803 1879 836 1936 et
850 1870 1094 1936 latino-arabici.
1138 1871 1175 1935 In
1191 1871 1297 1951 speeie
1312 1889 1387 1935 vere

370 1954 400 2018 2.
423 1955 536 2020 Versio
550 1955 736 2021 immediata
750 1963 889 2035 actuum,
906 1957 1114 2038 epistolarum
1131 1965 1163 2021 et
1178 1956 1417 2037 apocalypseos,
1434 1973 1520 2036 quae

284 2040 318 2104 iu
332 2039 568 2104 Parisiensibus
583 2047 616 2105 et
630 2041 762 2106 Londin.
778 2042 965 2124 polyglottis
981 2042 1177 2121 continetur,
1202 2042 1242 2106 eb
1264 2041 1519 2122 peculiaritates,

286 2124 398 2205 quales
422 2125 455 2188 in
481 2125 718 2207 evangeliorum
743 2128 889 2192 versione
914 2129 1004 2208 prius
1029 2127 1191 2192 nominata
1217 2147 1279 2191 non
1303 2126 1520 2204 inveniuntur,

286 2208 384 2274 alium
406 2210 515 2289 prodit
536 2219 700 2276 auctorem
723 2218 756 2275 et
777 2212 988 2292 probabiliter
1004 2212 1232 2293 Cyrenensem;
1259 2231 1333 2276 uam
1353 2213 1396 2276 ad
1419 2212 1522 2276 verba

286 2295 403 2374 Acta,
424 2295 472 2358 10.
494 2295 536 2360 τὰ
559 2296 641 2384 μέρη
663 2299 720 2385 τῆς
741 2297 874 2385 Λιβύης
898 2299 980 2363 κατὰ
1003 2297 1150 2386 Κυρήνην
1172 2297 1298 2378 adjecta
1321 2301 1370 2362 est
1392 2296 1521 2378 glossa:

287 2380 394 2464 „roffio
409 2381 444 2442 ab
458 2379 596 2464 Africa,
612 2404 693 2464 quae
706 2381 795 2444 nebia
803 2384 919 2466 patria
935 2383 1017 2464 est“;
1032 2382 1144 2463 procul
1160 2381 1257 2446 dubie
1274 2382 1371 2447 etiam
1387 2383 1523 2447 serioris

288 2464 492 2613 esfflriginis'
537 2465 657 2530 Textus
672 2471 722 2530 est
735 2465 875 2532 familiae
891 2466 1279 2548 Constantinopolitanae,
1302 2467 1390 2531 varie
1407 2474 1522 2532 autem

292 2569 323 2613 m
368 2554 580 2630 ocorruptus.

376 2635 405 2699 3.
428 2635 465 2698 ln
474 2633 606 2715 Erpenii
621 2635 760 2701 editione
774 2636 812 2701 N.
825 2637 860 2700 T.
875 2637 1005 2702 arabica
1020 2638 1094 2702 anni
1110 2638 1201 2702 1616.
1218 2638 1399 2703 continetur
1413 2637 1524 2703 versio

288 2726 431 2798 actuum,
454 2720 662 2800 epistolarum
677 2721 786 2801 Pauli,
810 2722 940 2803 Jacebi,
963 2723 987 2787 l.
1003 2723 1092 2787 Petri
1108 2729 1140 2788 et
1158 2723 1182 2786 Ι.
1199 2723 1347 2803 Joannis,
1374 2741 1462 2803 quae
1486 2743 1524 2788 ex

289 2804 414 2885 syriaca
429 2804 577 2870 Peschite
592 2807 801 2887 promanavit.
838 2808 878 2872 Π.
896 2815 928 2873 et
942 2808 999 2873 III.
1016 2827 1065 2889 ep.
1081 2807 1230 2888 Jeannis,
1253 2809 1294 2872 Π.
1309 2807 1399 2872 Petn'
1416 2813 1451 2872 et
1467 2808 1525 2872 illa

289 2890 395 2954 Judae
411 2907 482 2954 cum
497 2891 642 2956 versione
658 2893 782 2972 syriaca
797 2894 910 2958 seriori
921 2894 988 2975 jam
1004 2894 1206 2974 concordant,
1223 2895 1291 2976 J'am
1305 2892 1345 2957 ab
1362 2911 1400 2957 ea
1415 2892 1524 2958 disce-

290 2977 386 3054 dunt,
404 2976 605 3058 apocalypsis
622 2995 639 3041 e
654 2985 745 3042 textu
760 2979 884 3058 ceptiee
899 2997 992 3043 versa
1008 2985 1065 3044 est.

373 3061 403 3124 4.
414 3061 464 3124 'ln
480 3062 588 3126 codiee
610 3062 891 3142 captiae-arabico
906 3064 1080 3128 Parisiensi
1095 3062 1176 3142 (nro.
1194 3063 1258 3145 17.)
1274 3063 1392 3146 legitur
1413 3064 1523 3130 versio

288 3146 418 3210 arabica
434 3147 700 3228 evangeliorume
715 3152 805 3213 textu
820 3167 936 3230 graece
951 3150 1072 3213 usitata
1083 3147 1196 3230 (supra
1209 3150 1251 3231 1.)
1264 3155 1296 3214 et
1308 3149 1524 3228 epistolarum

289 3231 495 3295 Paulinarum
512 3250 529 3296 e
544 3239 635 3296 textu
650 3234 783 3312 coptico.

373 3317 403 3380 5.
426 3316 464 3379 In
486 3316 657 3398 Hispania,
685 3319 775 3399 cujus
798 3316 907 3398 plures
929 3318 1111 3398 provinciae
1133 3319 1173 3383 ab
1195 3319 1357 3384 Arabibus
1378 3319 1457 3384 inde
1481 3320 1522 3384 ab

289 3420 371 3466 anno
385 3402 456 3465 711.
472 3409 564 3466 erant
579 3408 762 3482 occupatae,
778 3401 799 3467 J
800 3421 919 3467 oannes
934 3403 1135 3484 Hispalensis
1151 3423 1168 3469 e
1183 3409 1274 3469 textu
1288 3403 1387 3469 latine
1403 3423 1428 3468 s.
1441 3404 1522 3470 Hie-

288 3487 411 3634 rorssymi
425 3487 587 3616 arqbicam
601 3487 769 3552 edomavit
783 3488 969 3569 versionem,
986 3508 1068 3570 quae
1083 3496 1191 3554 autem
1206 3490 1296 3570 prelo
1311 3490 1454 3553 nondum
1471 3495 1522 3556 est

290 3590 328 3635 su
351 3590 457 3635 massa.

360 3794 368 3822 ¹
387 3788 475 3842 Codex
492 3791 615 3844 arabicus
633 3791 660 3843 in
679 3805 748 3844 caes.
765 3790 885 3844 biblioth.
899 3779 1018 3844 Viennae
1031 3791 1164 3858 (Lambes.
1177 3791 1225 3844 Nr.
1238 3792 1291 3857 34.)
1304 3792 1332 3845 in
1349 3791 1472 3870 margine
1492 3797 1520 3845 et

289 3857 455 3910 interlineas
466 3857 553 3912 lentes
565 3859 731 3912 diversarum
743 3859 886 3912 lectionum
899 3859 1022 3927 designat
1035 3875 1093 3926 per:
1114 3860 1205 3929 Syrus,
1220 3859 1328 3927 Captus,
1340 3859 1469 3927 Rumrus3
1492 3865 1520 3913 et

290 3925 374 4004 codex
386 3923 545 4004 Parisiensis
557 3926 633 4004 (lire.
646 3925 702 3994 27.)
715 3927 833 4006 continet
844 3927 1049 3991 adnotationem,
1066 3943 1128 3980 eum
1145 3943 1179 3981 ex
1191 3928 1298 3995 optimis
1316 3928 1518 3996 exemplaribus

291 4009 370 4096 symt
381 3994 1100 4142 11111111111οΡ111111ἓ1111111111111118111111111111111
1111 4063 1178 4117 ‚Iesu
1191 4064 1291 4118 Christi
1308 4064 1492 4143 conscriptum
1504 4077 1521 4116 a

290 4137 404 4199 quatuor
416 4130 588 4197 evangelistas
600 4138 708 4194 sanetis,
720 4148 737 4183 1.
751 4147 773 4184 e.
784 4131 922 4184 Matthaee
934 4137 984 4183 etc.
996 4130 1097 4185 Romae
1110 4132 1138 4184 in
1150 4131 1425 4201 typographiaMedrc.
1440 4131 1519 4185 1591.

292 4197 347 4263 fel,
360 4197 446 4251 altera
458 4198 514 4251 viee
528 4197 602 4253 1619.
616 4203 643 4251 et
654 4199 734 4252 tertia
746 4216 806 4253 cum
818 4215 887 4252 vers.
900 4199 946 4251 lat.
962 4199 1035 4252 1774.
1054 4200 1145 4253 Editio
1158 4201 1274 4254 secunda
1286 4201 1393 4254 transiit
1404 4200 1432 4253 in
1444 4197 1521 4268 poly-

291 4266 376 4335 glotta
387 4267 472 4319 Paris.
486 4267 552 4319 etin
564 4266 751 4342 Londinensia.
773 4299 807 4308 -
826 4267 930 4320 Novum
942 4267 974 4319 D.
988 4265 1021 4319 N.
1034 4267 1059 4320 J.
1073 4269 1120 4322 Ch.
1134 4267 1335 4322 Testamentum
1347 4268 1463 4332 arabice,
1485 4282 1520 4319 ex

291 4335 411 4389 biblioth.
424 4334 550 4414 Leidensi
563 4334 658 4388 edente
670 4334 774 4388 Thema
785 4336 904 4404 Erpeuio
914 4334 990 4388 Leid.
1004 4337 1079 4389 1616,
1097 4367 1131 4376 -
1148 4335 1253 4391 Novum
1265 4343 1325 4390 test.
1339 4353 1392 4406 syr.
1405 4343 1433 4389 et
1444 4335 1520 4388 arab.

292 4407 369 4550 (Q
382 4402 800 4550 θ1111111ιι111)(11111111η1171111ρ1017Π.
813 4473 850 4550 3.]
874 4471 908 4550 ,J
909 4485 1008 4551 oannes
1020 4471 1188 4539 Hispalensis
1200 4473 1308 4552 praesul
1321 4473 1424 4527 divinos
1435 4472 1520 4552 libres

291 4539 383 4606 lmgua
394 4539 502 4591 arabrca
513 4539 629 4592 donabat
640 4544 778 4606 utriusque
790 4545 905 4592 natrems
923 4539 1003 4592 saluti
1019 4541 1169 4606 consulens,
1189 4557 1312 4608 quomam
1328 4542 1451 4595 arabicae
1467 4539 1519 4594 nn-

291 4621 359 4675 guae
371 4605 471 4659 multus
483 4622 549 4659 usus
561 4606 785 4661 eratChristianis
798 4622 882 4674 aeque
894 4615 973 4675 atque
983 4607 1099 4677 Mauris3
1111 4610 1195 4662 latina
1206 4610 1306 4678 passim
1318 4609 1519 4678 ignorabatur.“
