3314 5166
573 345 837 411 „33-

67 587 71 602 ‚
110 517 161 580 fist
174 513 371 580 monentibus
386 515 548 598 pluribus,
570 515 681 598 paucis
701 520 827 580 tantum
849 534 919 582 eam
941 533 1012 582 esse
1033 521 1140 582 textus
1161 516 1325 598 originalis

110 599 319 682 cognitionem,
341 605 379 665 ut
393 602 540 667 versione
555 619 664 666 carere
679 601 818 682 possint,
841 609 874 666 et
894 602 1002 682 veriti,
1024 619 1064 666 ne
1084 601 1167 667 nova
1187 602 1325 667 transla-

109 687 183 750 tione
192 684 384 751 etiamnovis
396 686 659 752 altercationibus
674 702 753 751 ansa
768 687 993 768 praeberetur:
1010 688 1140 752 tandem
1156 687 1324 753 consultis-

109 771 208 835 simum
223 787 294 835 esse
305 771 503 852 judicabant,
519 772 671 853 antiquae
682 772 838 837 versionis
850 771 1085 837 ecclesiasticae
1097 773 1325 838 auctoritatem

108 855 194 934 tueri,
216 855 302 936 quod
325 860 358 921 et
377 855 499 922 factum
521 862 572 923 est
594 875 671 923 sess.
688 857 742 922 IV.
765 857 798 921 in
820 861 974 938 sequente
989 857 1134 922 decreto:
1171 857 1269 942 „qu
1292 879 1325 920 er

109 939 202 1024 cadero
215 955 419 1005 sacrosancta
432 941 573 1026 synodus
588 941 800 1015 considerans,
816 963 878 1004 uon
886 965 1005 1028 parum
1016 941 1164 1006 uto'lo'tatols
1176 965 1250 1006 acce
1274 965 1325 1005 cra

104 1047 182 1110 posce
195 1024 343 1088 ecclesiae
357 1026 436 1099 Dei,
457 1029 489 1090 si
501 1051 540 1091 aa
554 1027 697 1091 omuibus
712 1025 822 1089 latrinis
837 1026 1024 1090 editionibus
1032 1076 1041 1109 ,
1063 1049 1143 1112 quae
1159 1026 1324 1111 carcamfc-

108 1121 214 1190 matur,
229 1133 394 1175 sacrorum
407 1111 567 1195 librorum,
584 1135 739 1198 quaenam
748 1133 809 1197 pro
821 1112 998 1175 authentica
1012 1111 1158 1174 habenda
1168 1114 1218 1192 so't,
1234 1113 1323 1174 iuno·

107 1207 205 1258 taceat:
228 1195 337 1259 atatuo't
352 1219 391 1259 ac
407 1196 569 1280 declarat,
592 1208 627 1260 ut
641 1199 713 1282 opaea
728 1195 803 1260 baec
818 1209 903 1260 uetus
919 1209 947 1259 et
960 1197 1088 1282 culpata
1109 1196 1218 1275 adciti),
1243 1219 1324 1280 quaa

108 1279 183 1364 bopo
197 1292 237 1342 tot
251 1281 448 1358 saeculorum
462 1305 523 1345 usu
536 1283 571 1346 o'u
585 1283 658 1366 absa
674 1281 806 1345 ecolaso'a
814 1282 949 1366 probda
961 1293 1013 1361 cst,
1029 1282 1062 1344 iu
1070 1282 1210 1366 publicas
1221 1281 1324 1344 lectio-

107 1364 195 1445 nibus,
212 1363 493 1450 disputationibus,
511 1367 804 1452 praedicationibus
819 1379 847 1430 et
861 1367 1106 1451 eorpooz‘to'om'bus
1115 1389 1177 1451 pro
1193 1364 1324 1429 authent-

107 1451 159 1510 to'ca
178 1449 340 1533 habeatur,
364 1463 392 1514 et
412 1464 447 1514 ut
465 1475 552 1515 nemo
571 1452 663 1515 ollam
684 1453 811 1536 rejo'cere
834 1453 942 1536 quouis
957 1463 1125 1536 praetextu
1146 1449 1262 1515 audeat
1275 1450 1326 1513 vel

102 1533 299 1616 praesumat.“
307 1540 320 1578 1
343 1534 518 1601 Concilium
533 1539 608 1603 tero
625 1537 718 1602 simul
734 1538 851 1619 adjecit
862 1544 980 1616 votum,
996 1543 1033 1600 ut
1045 1555 1137 1601 sacra
1149 1537 1319 1617 scriptura,

106 1619 292 1698 potissimum
306 1639 383 1686 vero
397 1622 476 1687 haee
490 1628 583 1688 vetus
599 1628 631 1688 et
645 1623 777 1704 vulgata
792 1623 891 1687 editio
905 1623 1041 1704 posthac
1056 1640 1153 1703 quam
1171 1622 1321 1686 emenda-

106 1703 212 1769 tissime
225 1706 473 1786 imprimeretur.

178 1789 220 1854 Ut
234 1791 310 1855 huic
325 1793 447 1857 concilii
468 1797 542 1858 voto
563 1792 750 1872 satisfieret,
771 1793 910 1855 Ioannes
926 1791 1099 1854 Hectono'oo
1123 1791 1323 1872 cooperanti-

108 1873 155 1939 bus
173 1876 331 1957 theologis
352 1877 604 1942 Lovaniensibus
626 1897 740 1943 novam
755 1877 914 1958 Vulgatae
936 1877 1107 1940 editionem
1128 1876 1323 1957 procuravit,

107 1959 202 2040 inqua
216 1962 423 2042 potissimum
439 1969 568 2028 secutus
591 1968 640 2027 est
661 1969 784 2027 textum
800 1962 933 2026 Roberti
949 1961 1104 2041 Stephani
1125 1980 1196 2025 ann.
1219 1961 1322 2041 1540,

107 2045 131 2107 in
144 2045 313 2128 seligendis
328 2067 404 2113 vero
419 2048 610 2113 lectionibus
626 2048 770 2112 codicum
786 2046 973 2111 collatorum
989 2046 1167 2126 pluralitati
1182 2045 1322 2127 palmam

108 2131 214 2195 tribuit.
260 2133 413 2197 Facultas
428 2133 609 2214 theologica
623 2132 830 2198 Lovaniensis
845 2132 929 2196 hune
943 2131 1085 2196 laborem
1101 2151 1163 2195 non
1179 2131 1264 2197 omni
1285 2150 1322 2196 ex

108 2223 185 2294 parte
206 2218 414 2298 approbavit,
442 2219 499 2283 sed
520 2219 623 2283 textui
643 2218 785 2282 auctoris
806 2235 876 2280 ann.
900 2218 992 2282 1566.
1013 2216 1132 2281 mortui
1151 2217 1270 2298 partim
1289 2217 1322 2280 in
1376 2266 1377 2270 ,

108 2303 250 2384 margine,
274 2303 439 2384 partimin
456 2304 633 2384 appendice
648 2303 799 2384 adposuit
814 2302 967 2368 lectiones
982 2303 1158 2382 variantes,
1181 2321 1219 2367 ex
1240 2302 1322 2366 anti-

107 2387 164 2464 quis
188 2389 432 2469 manuscriptis,
461 2409 478 2454 e
505 2389 667 2470 prioribus
694 2387 903 2467 editionibus
933 2393 1063 2452 etextu
1084 2386 1231 2469 originali
1251 2392 1322 2452 ete

107 2472 238 2537 versione
253 2473 402 2538 Peschito
419 2473 577 2539 collectas
947 2483 950 2489 '

176 2559 329 2624 Attamen
344 2577 447 2640 neque
461 2560 541 2624 haee
556 2559 668 2638 editio,
690 2558 958 2639 praecedentibus
973 2557 1073 2623 multo
1094 2557 1321 2639 praestantior,

107 2643 162 2706 sedi
175 2643 373 2724 apostolicae
385 2643 555 2723 satisfecit;
571 2645 688 2709 etenim
698 2643 871 2708 lectionum
882 2643 1083 2723 variantium,
1100 2643 1226 2724 quaein
1237 2661 1322 2708 mar·

107 2727 166 2806 gine
180 2734 238 2794 aut
253 2730 285 2793 in
305 2727 368 2795 fine
389 2738 480 2794 erant
501 2731 688 2808 adnotatae,
709 2727 870 2810 farragine
890 2748 982 2792 nemo
1002 2747 1065 2793 non
1086 2728 1322 2808 offendebatur3

107 2821 263 2890 praeterea
277 2813 481 2896 pontificibus
493 2815 644 2879 Romanis
657 2821 726 2878 erat
737 2813 913 2894 persuasio,
931 2813 1132 2878 emendatam
1143 2813 1322 2878 versionem

106 2895 239 2979 latinam,
266 2918 349 2980 quae
370 2900 481 2964 usibus
501 2900 602 2963 totius
623 2898 776 2963 ecclesiae
797 2903 883 2962 esset
903 2898 1077 2976 destinata,
1103 2899 1234 2977 prodire
1259 2917 1321 2964 non

106 3001 188 3061 posse
209 3004 229 3050 a
248 2985 326 3048 viris
346 2985 495 3065 privatiS,
526 2985 583 3048 sed
604 3003 623 3047 a
644 3001 794 3063 suprema
814 2981 967 3046 ecclesiae
992 2983 1193 3047 auctoritate.
1238 2983 1321 3048 Hine

106 3067 174 3131 Patro
187 3069 210 3132 I
216 3069 260 3149 V,
282 3070 318 3133 P.
334 3071 370 3134 R.
386 3069 527 3134 instituit
541 3069 682 3133 virorum
703 3068 901 3133 eruditorum
923 3067 1215 3148 congregationem,
1237 3085 1320 3147 quae

106 3161 202 3219 autem
217 3155 406 3236 corrigenda
426 3155 572 3220 versione
587 3155 739 3235 Septuag.
754 3172 813 3234 per
832 3152 1008 3233 longiorem
1028 3170 1183 3217 annorum
1204 3153 1320 3217 seriem

107 3238 156 3302 sub
171 3240 282 3304 eodem
298 3238 447 3321 pontifice
463 3249 495 3304 et
512 3240 662 3340 (Io-oporto
674 3238 770 3302 XIII.
785 3243 955 3318 tantopere
969 3238 1140 3303 tenebatur
1155 3243 1319 3318 occupata,

107 3328 136 3385 ut
149 3324 273 3388 demum
288 3344 370 3389 anno
386 3325 525 3390 secundo
542 3323 629 3387 Stoa·
643 3323 676 3386 V.
694 3325 734 3388 de
748 3324 848 3388 latina
862 3323 1007 3388 versione
1023 3324 1220 3388 emendanda
1235 3323 1321 3404 cogi·

107 3415 167 3472 tare
181 3410 299 3475 liceret.
340 3409 585 3492 Congregationi
600 3409 776 3491 injunctum
792 3414 862 3473 erat
876 3409 1048 3473 restituere
1062 3414 1185 3472 textum
1203 3426 1226 3472 s.
1242 3408 1320 3472 Hie-

107 3496 216 3573 ronymi
236 3501 431 3575 receptum.²
473 3495 525 3558 Ad
545 3495 698 3559 lectiones
724 3495 982 3558 determinandas
1008 3493 1148 3557 nonnulli
1175 3493 1319 3557 codicum

106 3581 442 3655 praestantissimorum
454 3579 565 3659 (etiam
576 3579 771 3660 Amiatinus)
783 3578 1012 3657 inserviebant;
1028 3579 1115 3643 bisce
1130 3579 1319 3643 dissentien-

106 3661 182 3728 tibus
196 3665 328 3730 Patrum
343 3665 464 3746 scripta
484 3671 575 3730 erant
595 3664 801 3742 consulenda,
824 3671 857 3727 et
876 3663 1069 3728 necessitate
1090 3669 1239 3745 urgente,
1262 3665 1319 3730 sed

105 3765 179 3824 raro,
192 3758 298 3816 textus
313 3750 476 3832 originalis
490 3743 523 3814 iri
533 3750 711 3814 subsidium
723 3749 893 3827 vocandus
909 3748 1062 3813 lectiones
1073 3755 1182 3814 autem
1193 3750 1319 3814 varian-

106 3839 149 3897 tes
167 3854 187 3899 a
204 3837 347 3918 margine
368 3835 462 3916 plane
482 3835 619 3900 arcendi.
670 3833 777 3897 Status
805 3833 837 3894 V.
859 3833 933 3898 huic
953 3833 1055 3897 labori
1076 3854 1201 3900 omnem
1228 3854 1319 3900 suam

106 3921 302 3987 attentionem
319 3929 351 3986 et
366 3939 496 4002 operam
513 3920 644 3998 dicavit3
665 3938 738 3983 narn
753 3937 815 3984 non
834 3925 959 3983 tanturn
976 3919 1133 4000 judicium
1154 3921 1195 3986 de
1215 3927 1319 3984 muta-

168 4195 177 4224 ¹
193 4191 245 4244 Cir.
257 4191 384 4244 Auctoris
396 4189 563 4243 hermeneut.
575 4188 639 4243 bibl.
653 4188 715 4241 edit.
729 4188 776 4240 III.
790 4205 816 4255 p.
829 4187 940 4241 58-60.

167 4261 177 4290 ²
192 4259 219 4312 P.
226 4259 271 4314 Un
289 4259 367 4313 anelli
379 4259 407 4310 in
419 4273 511 4325 opere:
524 4256 624 4310 Annali
636 4256 707 4310 delle
721 4257 825 4309 scianze
837 4255 968 4324 religiose,
981 4255 1053 4309 adito
1065 4256 1210 4309 aDeLuca
1219 4255 1329 4309 Romae.

109 4322 183 4389 1837,
200 4327 275 4381 voli
302 4325 412 4390 .refert‚
434 4325 538 4378 aSixto
556 4324 663 4378 eosdem
680 4323 737 4376 iere
755 4324 825 4377 viros
843 4324 870 4376 in
887 4339 983 4392 congre
1003 4325 1119 4377 ationem
1132 4339 1191 4377 esse
1203 4331 1319 4389 vocatos,

108 4393 234 4456 quosPius
245 4395 291 4448 IV.
305 4395 380 4462 prius
393 4393 595 4461 designaverat,
616 4392 754 4445 nimirum:
774 4391 907 4445 Oaraffam
925 4341 1106 4455 cardinalem,
1128 4391 1279 4460 praesidem
1292 4399 1320 4446 et

109 4457 261 4528 ducturam,
273 4463 395 4517 doctores
407 4462 530 4515 Laelium
543 4467 570 4514 et
581 4461 706 4513 Fulvium
718 4460 818 4524 Ursini,
831 4461 977 4513 Antonium
989 4459 1086 4527 Agelli,
1099 4460 1245 4514 Robertum
1257 4461 1319 4515 Bel·

110 4523 245 4595 terminum,
257 4531 287 4585 P.
300 4531 443 4594 Morinum,
455 4529 617 4583 Valverdam
630 4529 801 4596 (Hispanum)
814 4535 842 4581 et
852 4528 969 4580 Alanum
983 4528 1130 4595 (Anglum).

1079 4613 1115 4666 6*
