3356 5176
596 339 860 402 *67*

675 561 702 640 s.
725 562 777 624 la.

552 697 582 762 a)
602 696 733 747 Codices
746 697 902 749 unciales.

204 851 230 911 l.
259 848 393 914 Codices
409 850 631 930 antiquissimi,
648 856 722 914 ante
737 850 988 914 stichometriam
1004 851 1124 930 scripti,
1141 859 1231 915 sunt:

204 932 304 997 deea
327 937 359 998 A
381 954 438 998 seu
462 935 702 1018 Aleaccdrcbca
723 937 770 999 ita
790 935 910 1015 dictus,
939 935 1014 1016 quia
1037 935 1172 1016 Cyrillus
1195 937 1338 1020 Lucaris,

127 1017 296 1097 patriarcha
311 1019 554 1100 Alexandrinus,
572 1020 674 1084 serius
690 1020 1077 1101 constantinopolitanus,
1094 1041 1166 1086 eum
1183 1021 1298 1088 Oarelc
1314 1025 1338 1088 I.

126 1103 246 1184 Angliae
262 1105 331 1186 regi
346 1124 428 1170 anno
446 1106 536 1169 1628.
553 1106 636 1171 deno
652 1106 758 1186 dedit;
781 1127 801 1170 a
822 1106 960 1187 Georgia
980 1107 1020 1170 Il.
1045 1107 1118 1170 dein
1140 1127 1250 1172 museo
1266 1110 1338 1172 Bri-

127 1190 220 1254 tanico
234 1196 284 1255 est
299 1190 441 1271 oblatus,
465 1190 520 1254 ubi
542 1192 724 1256 adhucdum
750 1197 943 1256 asservatur.
989 1191 1136 1257 Continet
1161 1194 1339 1259 versionem

127 1275 326 1356 Septuaginta
341 1282 374 1341 et
389 1275 427 1339 N.
445 1277 479 1340 T.
497 1275 652 1358 (exceptis
668 1279 725 1342 Mt.
743 1281 777 1358 l,
803 1279 936 1358 1-25,
960 1278 989 1341 6.
1009 1279 1059 1342 Jo.
1076 1279 1111 1358 6,
1135 1279 1271 1360 50-8,
1287 1281 1338 1344 52.

125 1360 159 1422 ll.
172 1359 237 1425 Cor.
252 1362 282 1442 4,
300 1362 437 1441 13-12,
453 1363 505 1445 l),
521 1364 545 1426 I.
563 1363 730 1445 epistolam
747 1363 918 1428 Clementis
930 1364 1065 1428 Romani
1080 1370 1112 1428 et
1126 1363 1339 1446 fragmentum

126 1447 279 1512 secundae.
323 1447 489 1528 Epistolae
505 1449 680 1514 catholicae
695 1455 769 1514 ante
784 1449 934 1515 Paulinas
949 1450 1075 1530 positae
1091 1455 1165 1514 sunt
1181 1458 1213 1515 et
1227 1451 1282 1514 illa
1297 1453 1339 1514 ad

125 1531 278 1598 Hebraeos
294 1540 369 1614 post
384 1534 424 1597 II.
441 1535 483 1598 ad
498 1535 608 1599 Thess,
624 1535 750 1616 legitur.
788 1537 969 1600 Literarum
985 1535 1157 1600 uncialium
1171 1535 1273 1600 ferma
1289 1544 1339 1602 est

126 1618 272 1696 quadrata
295 1626 328 1684 et
350 1626 500 1700 venusta,
524 1622 684 1702 scriptura
705 1622 828 1702 absque
850 1622 1034 1686 accentibus
1057 1628 1089 1686 et
1115 1622 1281 1702 spiritibus
1307 1623 1339 1686 in

126 1702 238 1768 duabus
252 1705 442 1786 paginarum
465 1706 618 1771 columnis
640 1707 751 1787 paucis
774 1707 851 1771 locis
875 1707 1015 1787 exceptis
1038 1707 1203 1787 continua,
1228 1708 1285 1772 sed
1307 1709 1339 1771 in

126 1807 228 1866 parvas
245 1791 402 1855 sectiones
422 1797 540 1872 puncto
564 1793 596 1855 in
618 1793 708 1873 apice
731 1793 862 1856 ultimae
884 1793 997 1856 literae
1020 1793 1135 1871 divisa3
1161 1792 1337 1874 longiorum

126 1875 288 1940 sectionum
302 1875 429 1940 initium
443 1878 618 1958 maj0ribus
633 1878 734 1942 literis
750 1878 973 1958 distinguitur;
994 1879 1026 1941 in
1046 1878 1217 1958 evangeliis
1236 1879 1338 1968 κεφά-

126 1961 188 2024 λαια
207 1961 343 2026 Eusebii
367 1969 399 2026 et
419 1961 535 2044 alcior,
562 1964 595 2026 in
617 1963 748 2044 reliquis
770 1963 861 2026 libris
883 1962 970 2026 nulla
993 1963 1098 2043 capita
1120 1963 1337 2042 inveniuntur;

126 2044 336 2128 inscriptiones
357 2053 390 2111 et
413 2049 662 2129 subscriptiones
678 2054 752 2113 sunt
767 2049 1028 2129 simplicissimae.
1074 2048 1240 2112 Tribuitur
1255 2067 1336 2112 saec.

127 2129 160 2210 ll,
176 2133 256 2196 etin
270 2134 427 2215 Aegypto,
444 2134 654 2214 probabiliter
668 2135 880 2199 Alexandriae
896 2135 1035 2214 scriptus
1052 2139 1129 2198 est.l

197 2217 306 2281 Codec
318 2219 350 2280 B
366 2238 423 2284 seu
446 2217 619 2282 Vaa'ccaus'
631 2221 722 2284 1209.
740 2221 879 2285 omnium
895 2219 1145 2300 antiquissimus,
1160 2220 1338 2284 versionem

127 2302 197 2382 Sept.
215 2308 251 2368 et
265 2303 303 2367 N.
321 2304 355 2368 T.
372 2305 513 2370 continet
528 2307 668 2387 exeeptis
683 2311 777 2388 parte
793 2305 948 2386 epistolae
968 2306 1010 2369 ad
1025 2305 1191 2370 Hebraeos
1212 2325 1232 2369 a
1247 2306 1280 2385 9,
1299 2306 1338 2370 15

125 2389 270 2468 usquead
284 2388 388 2470 finem,
408 2391 552 2471 epistolis
567 2391 792 2472 pastoralibus,
809 2393 850 2455 ad
866 2391 1082 2456 Philemonem
1099 2397 1131 2455 et
1146 2392 1339 2473 apocalypsi,

124 2475 168 2553 qui
181 2475 257 2538 libri
271 2475 471 2541 interierunt.
513 2478 600 2542 Ordo
616 2478 813 2559 singulorum
828 2477 982 2541 librorum
997 2478 1081 2541 idem
1097 2482 1155 2556 est,
1171 2481 1208 2540 ut
1223 2477 1255 2540 in
1271 2478 1338 2542 cod.

123 2567 160 2623 A.
182 2561 351 2643 Scriptura
364 2562 398 2625 in
410 2562 513 2626 tribus
525 2563 678 2628 columnis
690 2563 894 2628 membranae
906 2563 1113 2627 tenuissimae
1125 2569 1175 2626 est
1185 2562 1348 2643 aequalis,

123 2643 360 2727 elegantissima,
377 2648 540 2728 continua3
556 2650 738 2714 nonnisi'ad
752 2648 847 2714 finem
862 2649 1018 2730 majorum
1032 2648 1250 2712 narrationum
1267 2668 1339 2713 con-

121 2731 247 2810 spicitur
267 2733 421 2812 spatium;
442 2734 575 2814 spiritus
598 2742 630 2799 et
645 2741 795 2799 accentus
809 2735 903 2815 plane
919 2736 1043 2813 desunt,
1058 2735 1273 2814 interpunctio
1290 2741 1340 2799 est

121 2835 184 2882 rara
199 2823 235 2882 et
250 2837 270 2881 a
285 2820 425 2884 secunda
439 2839 535 2883 manu
554 2819 654 2899 facta,
679 2821 945 2901 quemadmodum
968 2826 1001 2884 et
1022 2819 1187 2883 literarum
1210 2820 1339 2884 charac-

119 2909 204 2983 teres,
222 2903 280 2984 qui
295 2901 467 2969 flavescere
482 2912 662 2985 coeperant,
678 2906 835 2984 restituti3
852 2905 1074 2984 inscriptiones
1087 2910 1120 2968 et
1131 2905 1338 2984 subscriptio-

118 3007 167 3052 nes
189 2989 455 3069 simplicissimae.
499 2990 550 3054 De
571 2991 724 3072 peculiari
747 2991 901 3055 divisione
923 2991 955 3053 in
977 2989 1083 3068 capita
1107 2989 1160 3053 ef.
1185 2989 1211 3068 ξ.
1234 2990 1285 3053 40.
1308 2991 1337 3054 4,

118 3073 203 3138 dicta.
251 3074 279 3137 E
296 3075 437 3155 capitum
452 3077 592 3140 numeris
607 3077 638 3140 in
656 3076 799 3157 epistolis
815 3075 956 3139 Paulinis
976 3081 1081 3155 patet,
1106 3075 1274 3155 epistolam
1296 3076 1339 3138 ad
1436 3129 1439 3137 .

117 3157 292 3240 Hebraeos,
316 3180 399 3241 quae
414 3180 496 3226 nunc
511 3168 585 3242 post
599 3162 640 3225 ll.
656 3164 698 3227 ad
714 3161 926 3226 Thessalonic.
942 3161 1049 3242 posita
1064 3167 1127 3240 est,
1155 3161 1195 3224 ab
1217 3160 1338 3241 origine

117 3243 212 3310 lecum
226 3263 321 3310 snum
333 3247 484 3312 habuisse
495 3255 569 3329 pest
580 3247 667 3312 illam
678 3249 720 3312 ad
733 3247 874 3312 Galatas.
899 3246 1068 3311 Confectus
1081 3247 1170 3311 estin
1177 3248 1338 3328 Aegypt03

117 3331 294 3398 criticorum
306 3332 360 3396 alii
373 3352 445 3398 eum
457 3334 602 3398 tribuunt
613 3335 718 3413 tertio,
734 3333 789 3398 alii
800 3339 915 3420 quarto
927 3333 1085 3398 saecu10.2
1108 3333 1337 3406 Recentissime

117 3417 159 3480 ed.
176 3421 228 3482 est
243 3417 284 3481 ab
299 3419 379 3500 Ang.
396 3419 470 3483 Mai.
1174 3443 1178 3452 ⁴

197 3502 306 3567 Oodecc
322 3503 363 3585 U,
387 3505 555 3568 Parisinus
570 3505 599 3566 9,
608 3555 616 3586 ,
641 3505 737 3569 etiam
752 3504 929 3588 Ephraecct'
940 3503 1019 3588 Syri
1037 3504 1157 3582 dietus,
1181 3503 1256 3584 quia
1275 3502 1335 3566 sub

116 3588 178 3669 ejus
194 3589 358 3672 opusculis
372 3590 504 3670 latebat,
515 3589 694 3672 fragmenta
705 3591 859 3654 versionis
872 3591 958 3671 Sept.
973 3595 1005 3654 et
1015 3589 1114 3652 libros
1125 3588 1164 3652 N.
1177 3588 1211 3652 T.
1225 3588 1335 3654 eodem

116 3675 223 3740 ordine
234 3682 272 3738 ut
287 3677 354 3741 cod.
364 3676 450 3740 Ales.
468 3677 604 3757 exhibet,
620 3682 671 3740 ast
686 3676 787 3739 multa
802 3676 926 3740 desunt.
950 3675 1117 3754 Scriptura
1132 3673 1177 3737 illi
1193 3674 1336 3739 codicum

115 3767 150 3824 Α
162 3765 194 3825 et
205 3767 236 3827 Β
247 3780 402 3842 perquam
415 3761 526 3826 similis
538 3768 596 3841 est,
613 3762 770 3840 continua,
786 3761 969 3826 accentibus
986 3765 1018 3824 et
1033 3759 1199 3840 spirit-ibus
1215 3777 1335 3838 carena,

116 3847 168 3909 sed
183 3846 492 3927 interpunctionibus
507 3849 629 3911 munita
644 3868 702 3928 per
716 3854 868 3928 punctum
884 3846 1096 3910 diversimode
1111 3847 1265 3925 positum,
1286 3843 1335 3908 cui

116 3932 214 3996 serior
234 3951 346 3996 manus
367 3932 554 4014 plerumque
576 3952 701 3997 crucem
722 3932 957 4013 superscripsit.
1007 3931 1170 3996 Sectienes
1190 3930 1336 3996 versibus

116 4019 231 4082 nostris
252 4023 285 4082 et
305 4018 470 4098 partitioni
490 4020 522 4084 in
543 4021 611 4084 cod.
632 4021 663 4081 A
687 4019 806 4083 similes
833 4017 1007 4098 majeribus
1033 4016 1135 4080 literis
1161 4016 1335 4081 initialibus

114 4158 232 4167 ——m

185 4228 192 4256 ¹
212 4220 266 4273 Cir.
279 4221 310 4274 G.
324 4223 352 4274 C.
365 4220 472 4275 Weide:
495 4220 528 4273 N.
541 4221 572 4273 T.
585 4235 672 4288 graec.
686 4235 700 4273 e
719 4219 775 4272 cod.
788 4218 875 4283 Alex,
888 4219 933 4286 qui
944 4217 1058 4271 Londini
1076 4219 1104 4270 in
1121 4218 1184 4271 bibl.
1197 4232 1264 4269 mus.
1277 4216 1336 4268 Bri·

118 4294 169 4340 tan.
182 4296 343 4353 asservatur,
355 4289 469 4342 Londini
483 4290 568 4356 17864
592 4289 620 4342 0.
633 4288 732 4342 Weidii
743 4288 838 4340 notitia
850 4287 906 4340 ced.
918 4287 996 4339 Alex.
1009 4303 1070 4339 cum
1083 4287 1162 4339 variis
1175 4285 1233 4352 ejus
1245 4283 1336 4338 lectio-

119 4357 201 4422 nibnS,
214 4357 316 4410 curavit
328 4358 359 4410 G.
373 4357 471 4425 Spohn.
483 4356 557 4424 Lips.
574 4357 645 4410 1788.
671 4388 698 4396 -
721 4355 826 4408 Novum
837 4361 1027 4408 testamentum
1040 4369 1143 4422 graece,
1162 4369 1195 4406 ex
1207 4353 1263 4406 anti
1282 4353 1336 4406 uis·

120 4425 182 4477 simo
195 4427 284 4479 codice
297 4426 478 4479 Alexandrino
489 4441 506 4478 a
518 4425 546 4478 Ο.
560 4425 590 4478 G.
603 4424 698 4478 Weide
716 4425 778 4476 olim
795 4424 971 4491 descriptum,
992 4424 1026 4476 ad
1043 4423 1123 4476 tidem
1140 4421 1225 4489 ipsius
1238 4438 1268 4476 ce
1289 4421 1336 4474 ‘cis

120 4492 203 4546 denuo
215 4494 298 4548 edidit
308 4495 338 4548 B.
351 4495 384 4547 H.
398 4495 508 4561 Cowper
519 4495 557 4546 8'⁰
570 4494 632 4560 maJ‘.
656 4492 770 4546 Londini
783 4493 858 4546 1863,
872 4499 927 4560 (ap.
940 4492 1096 4545 Kirchheim
1108 4490 1284 4559 Mogentiae).

184 4567 195 4597 ²
214 4562 267 4616 Cir.
280 4563 352 4631 Hug:
374 4563 414 4616 De
426 4559 584 4629 antiquitate
596 4561 653 4614 cod.
665 4561 752 4614 Vatic.
766 4561 960 4624 commentatio,
973 4561 1095 4627 Friburg.
1113 4559 1199 4626 isle,
1221 4559 1335 4612 Murali:

121 4628 188 4683 N.T.
199 4629 341 4698 prolegom.
355 4648 380 4699 p.
387 4631 470 4685 XXV.
485 4646 568 4698 seqq.;
581 4630 652 4682 Rink
664 4631 691 4682 in
703 4629 755 4682 den
768 4629 879 4684 Studien
892 4647 917 4682 u.
930 4630 1054 4682 Kritiken
1069 4627 1141 4680 1842.
1154 4644 1179 4696 p.
1192 4628 1251 4681 409.
1265 4644 1336 4694 seqq.

1096 4717 1105 4744 Γ
1117 4714 1130 4742 ¹l¹

1095 4733 1110 4766 ι)
