3356 5176
806 289 1068 354 „58-

327 471 356 534 g.
373 454 422 519 Jo.
440 456 489 536 16,
505 457 534 522 2.
549 460 596 544 τῷ
611 455 711 546 κορίῳ
727 460 793 525 cod.
809 459 846 524 A.
861 463 981 548 μεστῷ
997 463 1087 548 book
1102 460 1172 526 Aet.
1184 461 1235 542 20,
1250 460 1300 524 28.
1315 462 1373 526 τοῦ
1389 463 1470 527 θεοῦ
1486 479 1542 541 pro

325 543 386 606 τοῦ
406 538 535 629 κυρίου·
566 545 655 610 Rom.
673 544 700 621 1,
719 546 766 610 13.
785 545 910 630 καρπόν
927 571 997 612 τινα
1018 566 1077 627 pro
1091 547 1162 613 τινὰ
1176 545 1313 634 καρπόν·
1343 546 1367 609 Ι.
1385 545 1454 610 Cor.
1470 547 1500 625 9,
1516 547 1541 609 1.

325 643 385 705 pro
400 621 457 692 oda
471 625 539 713 εἰμί
555 626 755 712 ἀπόστολος,
776 627 834 698 οὐκ
848 628 916 715 εἰμί
932 631 1104 719 ἐλεύθερος
1118 633 1243 697 inverso
1258 631 1369 697 ordine
1383 630 1501 712 legitur
1512 631 1543 695 in

250 771 254 778 ,
325 710 382 773 ΑΒ
397 711 486 792 min.;
512 713 588 779 ibid.
604 716 633 795 9,
649 716 677 780 8.
693 720 799 782 textus
819 735 880 781 rec.
895 717 1008 782 habet:
1034 714 1183 808 ἢοίχίὸ
1203 715 1301 799 νόμος
1320 719 1423 783 ταῦτα
1443 716 1544 802 λέγεις
1655 723 1656 778 ἓ

325 795 575 865 incolomis:
596 800 684 890 ἢκαί
701 799 831 884 ὃνόμσς
844 805 948 869 ταῦτα
964 799 1002 870 od
1018 805 1120 888 λέγεις

409 883 438 946 4.
461 884 637 950 Erroneam
649 889 829 971 μὐιίίσίκιυκ
845 888 872 951 si

410 967 445 1049 a)
467 974 562 1036 notae
578 991 595 1038 e
609 972 700 1038 libris
714 973 871 1054 liturgicis
887 978 920 1038 et
935 973 1157 1039 ecclesiasticis
1171 990 1303 1037 necnon
1316 990 1333 1036 e
1347 971 1425 1037 locis
1439 973 1544 1052 paral-

324 1051 394 1118 lelis
417 1056 551 1136 margini
573 1059 755 1141 adscriptae
774 1077 850 1140 pars
871 1063 977 1124 textus
991 1049 1193 1124 habebantur
1208 1062 1241 1123 et
1258 1058 1333 1122 huic
1351 1057 1414 1138 ipsi
1426 1057 1544 1158 insere,-

324 1137 454 1218 bantur,
478 1143 699 1222 sintela.
722 1141 772 1212 ὅτι
793 1145 853 1211 uod
876 1143 965 1210 ἐστὶν
985 1143 1004 1230 ἡ
1022 1142 1173 1230 βασιλεία
1193 1140 1286 1228 καὶὴ
1309 1142 1511 1226 δύναμιςκαὶ
1527 1171 1544 1232 η

324 1223 404 1303 δόξα
418 1222 466 1304 εἰς
479 1227 556 1306 τούς
571 1226 707 1309 αἰῶνας·
724 1227 821 1315 ἀμήν·
840 1230 891 1308 20,
906 1230 956 1293 28.
972 1229 1065 1314 ὑμεῖς
1079 1230 1116 1297 δὲ
1132 1228 1252 1314 ζητεῖτε
1268 1229 1304 1296 ἐκ
1317 1230 1433 1312 μικροῦ
1447 1223 1545 1313 αὐξῆ-

323 1332 389 1390 ναι,
416 1310 470 1376 καί
497 1311 533 1378 ἐκ
553 1312 701 1397 μείζονος
723 1313 855 1382 ἔλαττον
876 1308 958 1382 εἶναι
981 1315 1039 1395 (Ι),
1063 1315 1133 1380 Ital.
1156 1314 1280 1396 Hilar.).
1330 1313 1401 1378 Hac
1422 1314 1545 1380 ratione

323 1394 383 1457 Mr.
397 1395 446 1475 10,
457 1396 507 1461 38.
522 1398 576 1465 καί
587 1400 625 1467 τὸ
640 1400 820 1485 βάπτισμα,
836 1394 855 1468 ὃ
871 1400 935 1485 ἐγώ
951 1398 1165 1485 βαπτίζομαι,
1180 1401 1406 1488 βαπτισθῆναι
1418 1400 1545 1464 transiit

322 1478 355 1543 in
370 1479 427 1544 Mt.
443 1482 495 1561 20,
511 1484 576 1563 22,
597 1489 630 1551 et
648 1486 840 1551 narrationis
860 1485 1003 1552 clausula
1016 1487 1092 1551 Luc.
1110 1487 1137 1567 7,
1155 1489 1220 1551 lo:
1242 1484 1297 1551 καί
1312 1482 1545 1573 ὑποστρέψαι·
1658 1499 1659 1524 ³

322 1589 376 1643 τες
390 1561 422 1632 οἱ
436 1569 647 1664 πεμφθέντες
660 1569 707 1650 εἷς
720 1572 776 1670 τὸν
790 1565 890 1652 οἶκον,
912 1561 1005 1660 εὗρον
1018 1572 1075 1639 τὸν
1090 1569 1292 1638 ἀσθενοῦντα
1308 1570 1423 1667 δοῦλον
1437 1567 1544 1668 ὑγιαί-

322 1671 484 1802 ddffidiblds
499 1655 757 1822 {dddcidddddnidd
777 1657 1213 1824 ddtqd'olssslltiloarlddrlddrausedd
1225 1655 1544 1821 εκΙείιίίίίείίῗίίίῗκίί]

322 1825 621 1904 ursconqueritur.1
665 1828 840 1910 Praecipue
859 1829 922 1893 huc
939 1828 1100 1908 pertinent
1119 1828 1338 1893 additamenta
1353 1845 1371 1890 e
1385 1826 1544 1907 perioopis

322 1906 558 1991 ecclesiasticis
579 1931 661 1993 quae
676 1914 716 1978 ab
732 1915 822 1979 initio
837 1915 870 1978 in
884 1915 1027 1994 margine
1042 1919 1153 1979 notata
1167 1914 1199 1978 iu
1214 1914 1319 1994 ipsum
1334 1911 1407 1976 dein
1421 1915 1544 1976 textum

321 1993 525 2060 transierunt.
576 1998 628 2062 Sic
649 2020 677 2064 v.
700 2020 729 2081 g.
752 2000 858 2065 verbis
878 2000 985 2065 Lucae
1001 2000 1050 2079 16,
1075 2001 1140 2064 la:
1170 1997 1351 2087 ἄνθρωπος
1373 1998 1411 2064 δέ
1434 2021 1484 2075 τις
1509 1991 1544 2084 ἢν

320 2077 478 2159 πλούσιος
499 2083 532 2146 in
552 2085 705 2150 codiceD
728 2086 961 2165 praemittitur:
984 2079 1059 2151 εἶπε
1080 2085 1116 2152 δὲ
1135 2084 1189 2151 καί
1213 2081 1325 2171 ἑτέραν
1346 2083 1543 2172 παραβολήν·

319 2163 455 2228 historia
470 2166 511 2232 de
525 2167 649 2233 Auania
665 2175 698 2235 et
712 2171 848 2251 Saphira
863 2172 932 2235 Aet.
947 2171 977 2250 b,
994 2171 1032 2249 1.,
1048 2189 1131 2251 quae
1145 2170 1257 2250 incipit
1271 2167 1394 2233 verbis:
1415 2163 1436 2231 σί
1461 2167 1493 2254 *p
1509 2166 1544 2236 ol

320 2241 420 2347 τιςίμ
434 2249 474 2331 a,
490 2252 523 2316 in
538 2255 605 2318 cod.
618 2255 645 2316 E
662 2256 708 2319 sic
721 2257 898 2320 inducitur:
915 2256 949 2321 ἐν
960 2251 1049 2342 αὐτῷ
1066 2256 1103 2322 δὲ
1115 2259 1162 2343 τῷ
1178 2257 1279 2341 καιρῷ
1293 2254 1335 2334 λ.,·
1349 2193 1481 2334 Βοιανί,
1497 2256 1543 2317 11.

320 2335 451 2400 voc1bus
474 2341 607 2426 Χριστῷ
626 2336 728 2429 'labori
758 2346 865 2406 textus
892 2345 1057 2422 receptus,
1087 2359 1150 2423 quo
1175 2341 1299 2422 plenior
1324 2339 1367 2403 sit
1391 2337 1543 2419 clausula,

320 2419 481 2501 adjungit:
506 2426 555 2511 τῷ
575 2423 675 2513 κυρίῳ
698 2423 804 2512 ἡμῶν·
828 2431 935 2491 textus
955 2445 1016 2491 rec.
1033 2427 1135 2506 Mlti,
1154 2427 1202 2490 18.
1221 2424 1328 2491 verbis
1351 2429 1544 2511 περιπατῶν

320 2503 357 2570 δὲ
372 2506 464 2592 παρὰ
479 2508 534 2596 τὴν
549 2509 722 2578 θάλασσαν
736 2513 832 2577 tertio
847 2512 916 2577 loco
931 2512 1044 2577 inserit
1059 2508 1077 2577 ὁ
1095 2507 1228 2601 Ἰησοῦς·
1250 2511 1336 2576 idem
1350 2515 1458 2574 textus
1472 2511 1542 2576 Act.

320 2590 349 2669 3,
366 2593 416 2655 11.
431 2611 490 2672 pro
510 2598 702 2678 κρατοῦντος
722 2597 759 2664 δὲ
780 2593 879 2664 αὐτοῦ
895 2623 921 2663 τ.
937 2604 979 2663 Π.
1005 2596 1099 2679 legit:
1121 2599 1315 2682 κρατοῦντος
1336 2595 1373 2661 δὲ
1392 2598 1449 2661 τοῦ
1474 2594 1542 2663 ἰασ-

319 2674 437 2781 dirtos
450 2680 557 2780 χῳλσῦ
572 2705 599 2746 τ.
613 2687 673 2784 ΠΒ·
687 2681 762 2780 ibid:
778 2683 830 2762 20,
847 2683 874 2747 7.
890 2683 959 2747 loco
974 2682 1179 2770 συνηγμένων
1193 2680 1285 2770 ἡμῶν
1298 2680 1412 2746 habet:
1433 2703 1543 2770 συνημ-

318 2771 716 2946 μεναῗίίίίιίίίαιῗίίίυιίίυ
731 2768 822 2920 deluto
837 2854 954 2919 omissa
970 2853 1050 2919 etin
1064 2853 1207 2934 margine
1226 2857 1340 2916 notata
1361 2857 1470 2931 erant,
1493 2853 1544 2918 vel

319 2933 578 3017 neghgebantur,
594 2937 645 3003 vel
659 2939 762 3005 alieno
777 2939 847 3005 loco
862 2938 1099 3017 inserebantur3
1116 2939 1162 3003 sic
1177 2939 1234 3002 Mt.
1251 2956 1276 3001 c.
1291 2938 1321 3001 5.
1337 2955 1449 3002 versus
1464 2938 1494 3001 4.
1512 2943 1544 3003 et

317 3020 364 3169 ῳ,
387 3022 486 3119 υ.,23.
509 3042 537 3086 v.
562 3024 610 3087 13.
634 3029 667 3089 et
691 3025 739 3089 14.
761 3026 793 3089 iu
816 3025 951 3090 diversis
979 3025 1141 3089 codicibus
1167 3022 1354 3104 transpositi
1378 3023 1543 3087 inveniun-

333 3124 386 3170 ur·
403 3124 431 3170 sr
829 3139 832 3148 .

379 3156 386 3185 ’
404 3190 434 3272 ο)
457 3191 612 3256 voeabula
626 3213 795 3274 perperam
811 3194 1085 3275 conjungebantur
1095 3192 1146 3257 vel
1158 3193 1398 3273 separabantur,
1414 3199 1451 3259 ut
1462 3193 1541 3258 Phil.

322 3277 349 3356 1,
368 3277 394 3340 1.
418 3275 487 3341 Gal.
506 3277 534 3355 1,
550 3277 579 3340 9.
595 3277 772 3366 προείρηκα
787 3278 847 3362 μέν
860 3298 920 3359 pro
935 3279 1189 3367 προειρήκαμεν,Ι
1204 3280 1231 3344 si

403 3361 440 3442 d)
456 3364 643 3442 compendia
658 3364 837 3445 scripturae
851 3362 931 3429 falso
947 3365 1161 3443 solvebantur,
1177 3365 1226 3428 uti
1240 3365 1331 3428 Rom.
1348 3365 1472 3445 12,11.,
1487 3365 1540 3429 ubi

318 3445 371 3510 D*
386 3445 444 3512 FG
468 3448 588 3512 habent
611 3452 661 3538 τῷ
684 3452 787 3537 καιρῷ
812 3451 1017 3544 ὀψείοντες
1040 3469 1099 3531 pro
1124 3452 1172 3537 τῷ
1192 3446 1298 3537 κυρίῳ
1324 3450 1540 3529 δουλεύοντες·

318 3549 341 3615 Ι.
358 3549 436 3613 Tim.
453 3550 482 3630 3,
500 3549 548 3615 15.
563 3546 600 3630 ὅς
613 3551 768 3633 pro-dado
783 3571 821 3618 ex
838 3552 902 3618 od.

405 3634 526 3711 Quodsi
540 3637 573 3700 in
588 3638 768 3719 antiquiore
783 3637 1000 3719 manuscripto
1016 3656 1141 3702 errores
1157 3637 1225 3718 jam
1246 3637 1397 3716 aderant,
1419 3637 1454 3701 hi
1475 3637 1540 3718 ple·

318 3737 453 3804 rumque
474 3722 506 3786 in
528 3722 608 3788 alios
630 3724 756 3790 codices
779 3725 853 3789 iude
875 3724 1054 3804 descriptos
1076 3723 1272 3788 transierunt
1296 3730 1328 3787 et
1347 3722 1437 3788 novis
1457 3722 1539 3788 aucti

317 3809 400 3872 suut.

320 3963 517 3971 -——-...-...-

387 4064 397 4094 ¹
414 4060 501 4128 Epist.
514 4060 548 4114 ad
561 4062 682 4115 Damas:
707 4062 822 4129 Magnus
839 4060 968 4129 siquidem
986 4061 1030 4113 hic
1041 4060 1069 4113 in
1081 4060 1180 4114 nostris
1192 4060 1327 4113 codicibus
1340 4075 1414 4113 error
1426 4061 1540 4125 inolevit,

318 4129 382 4183 dum
394 4129 464 4196 quod
475 4130 504 4183 in
515 4129 608 4183 eadam
620 4145 650 4183 re
662 4129 731 4184 alius
744 4130 908 4198 evangelista
919 4129 980 4197 plus
992 4129 1074 4193 dixit,
1085 4129 1113 4182 in
1125 4128 1190 4194 alio,
1207 4129 1269 4208 quia
1280 4129 1368 4182 minus
1380 4130 1540 4196 putaverint,

317 4197 489 4265 addiderunt;
508 4197 550 4252 vel
563 4198 626 4251 dum
638 4199 751 4252 eundem
764 4214 871 4252 sensum
883 4198 952 4251 alius
965 4197 1043 4252 aliter
1055 4197 1195 4265 expressit,
1212 4196 1268 4260 rlle,
1280 4197 1324 4263 qui
1335 4214 1418 4251 unum
1430 4214 1465 4251 ex
1494 4214 1540 4252 ua·

318 4271 379 4318 tuor
390 4267 504 4334 primum
517 4267 627 4335 legerat,
640 4266 673 4319 ad
687 4267 745 4334 ejus
758 4265 909 4335 exemplum
923 4271 1025 4318 ceteros
1038 4281 1140 4332 quoque
1152 4265 1342 4318 existimaverit
1351 4215 1536 4319 emendandos.

317 4334 394 4387 Unde
407 4334 511 4396 accidit,
525 4342 555 4388 ut
567 4335 638 4402 apud
651 4350 698 4388 nos
710 4335 794 4387 mixta
806 4336 859 4388 sint
870 4335 966 4398 omnia,
986 4340 1012 4386 et
1023 4333 1050 4386 in
1063 4334 1155 4387 Marco
1167 4332 1246 4401 plura
1257 4333 1347 4386 Lucae
1361 4339 1387 4387 et
1399 4333 1535 4396 Matthaei,

317 4408 345 4454 et
356 4402 384 4454 in
396 4403 491 4456 ceteris
504 4403 674 4471 reliquorum,
686 4418 753 4470 quae
766 4403 826 4457 aliis
838 4401 946 4471 propria
959 4408 1028 4467 sunt,
1040 4402 1214 4455 inveniantur.
