3314 5166
566 277 852 342 “139—

115 467 177 512 nam
190 463 308 528 paucae
322 450 397 512 sunt
412 447 585 527 doctrinae,
602 448 642 512 de
658 447 774 528 quibus
789 467 852 513 uon
867 451 1019 528 ageretur
1033 447 1065 512 in
1077 447 1223 528 pluribus
1235 448 1274 512 N.
1286 449 1322 514 T.

115 533 242 612 scriptis;
256 534 388 614 propius
409 552 486 599 vero
501 534 544 600 ad
559 551 593 598 00
607 533 743 598 invicem
756 533 817 598 hac
831 553 870 598 ex
881 537 975 613 parte
993 535 1150 600 accedunt
1168 534 1323 615 epistolae

115 637 134 682 0.
147 617 231 681 Pauli
245 619 287 682 ad
302 620 462 684 Romanos
478 624 512 684 et
526 619 567 683 ad
583 619 725 700 Galatas,
741 619 783 684 ad
797 618 964 700 Ephesiae,
981 619 1186 686 Colossenses
1202 625 1234 684 et
1249 619 1323 684 Phi-

113 703 271 784 lippenses,
300 705 342 768 ad
357 705 560 770 Timotheum
575 709 608 769 et
622 705 745 784 Titum;
773 724 810 769 ex
826 703 970 785 001010110
985 724 1061 770 vero
1084 705 1248 770 catholicis
1268 705 1323 770 illa

113 789 212 854 lacobi
227 790 297 854 011.
313 789 419 870 Petri,
443 791 516 856 dein
531 790 552 854 1
553 792 638 855 udae
653 795 686 855 et
700 791 741 854 II.
757 790 846 856 Petri
860 789 960 855 veluti
974 796 1166 872 prototypus
1182 795 1215 856 et
1237 795 1323 870 ecty-

113 875 215 957 pusad
230 875 413 940 seinvicem
428 876 556 941 habent.
602 876 691 952 Quae
713 895 785 941 cum
806 876 853 940 ita
873 875 953 955 sint,
975 876 1052 940 nihil
1072 875 1246 957 profuisset
1264 876 1322 940 im-

112 962 221 1040 postori
234 961 429 1042 interpolare
444 981 543 1026 unum
557 962 734 1026 alterumve
744 961 783 1026 N.
796 962 830 1025 T.
842 961 975 1040 librum;
991 962 1049 1027 sod
1064 962 1131 1028 sive
1145 961 1322 1042 historiam,
1423 965 1425 968 ’

114 1045 169 1110 siue
187 1046 362 1110 doctrinam
383 1052 494 1129 optato
517 1067 587 1112 cum
614 1066 765 1112 successu
791 1065 994 1128 corrumpere
1019 1047 1188 1126 voluisset,
1214 1065 1323 1112 omnes

112 1132 222 1196 omuino
237 1132 408 1198 immutare
423 1133 589 1198 debuisset
602 1133 711 1212 libros,
728 1134 783 1214 qui
796 1134 830 1197 in
844 1133 975 1198 arctiori
986 1133 1050 1198 ista
1060 1133 1215 1199 relatione
1224 1133 1322 1213 positi

112 1221 182 1280 sunt.
205 1217 379 1293 Quominus
394 1237 470 1284 vero
486 1219 558 1300 quis
573 1219 682 1299 plures
694 1219 732 1282 N.
746 1219 781 1282 T.
797 1218 895 1283 hbros
910 1218 961 1284 vel
976 1217 1069 1300 plane
1085 1237 1194 1284 omnes
1208 1217 1322 1282 immu-

112 1305 199 1381 taret,
223 1309 355 1383 praeter
368 1304 432 1368 alia
446 1303 638 1387 prohibebat
652 1304 806 1369 distantia
819 1304 975 1384 locorum,
1001 1305 1034 1368 in
1049 1321 1132 1385 quae
1154 1303 1243 1368 missi
1265 1321 1323 1368 seu

111 1387 259 1468 inquibus
275 1389 355 1454 editi
370 1395 470 1470 erant,
486 1395 523 1454 ut
538 1410 576 1454 ex
591 1390 670 1469 illis,
688 1409 770 1470 quae
784 1390 979 1455 introductio
995 1390 1143 1471 specialis
1158 1391 1199 1455 da
1212 1389 1273 1454 hac
1288 1407 1323 1455 re

112 1473 200 1552 docet,
215 1473 418 1540 manifestum
433 1476 587 1541 redditur.

183 1559 231 1622 Ad
246 1561 275 1624 3.
307 1561 445 1626 Mutatio
467 1561 541 1626 talis
556 1559 625 1626 fieri
647 1581 709 1626 non
724 1561 897 1641 potuisset,
923 1561 998 1641 quiri
1013 1560 1241 1642 Apostolorum
1257 1560 1322 1625 cui-

110 1643 173 1710 dam
186 1645 407 1725 innotesceret,
424 1666 522 1728 quum
536 1647 570 1711 hi
584 1647 647 1727 ipsi
658 1647 690 1710 vi
704 1647 845 1711 mrrneris
860 1647 911 1710 sui
925 1647 968 1710 ad
980 1646 1233 1727 qualemcunque
1248 1647 1322 1710 doc-

110 1729 199 1794 trinae
213 1737 270 1794 aut
284 1731 440 1797 historiae
455 1733 475 1797 J
477 1751 534 1797 esu
547 1732 666 1797 Christi
682 1732 918 1813 corruptionem
933 1732 1000 1797 sive
1014 1732 1121 1796 verbis
1137 1732 1204 1796 sive
1218 1731 1320 1795 literis

109 1811 212 1879 factam
233 1836 296 1882 nou
319 1824 451 1898 possent
471 1838 533 1883 non
556 1835 627 1882 asse
649 1817 864 1882 attentissimi.
909 1817 1123 1897 ι100000οΑ0.
1140 1816 1322 1881 010010011-

110 1900 219 1978 quitate
240 1907 383 1968 testante
404 1903 490 1968 ultra
511 1902 607 1967 finem
628 1921 709 1968 saec.
730 1904 753 1967 Ι.
776 1903 868 1982 vixit,
894 1902 1053 1982 simulque
1077 1903 1109 1966 in
1134 1921 1173 1967 aa
1192 1901 1322 1982 regione

109 1986 301 2068 versabatur,
325 1989 357 2054 in
373 2008 470 2070 quam
485 1994 518 2054 et
532 1989 565 2053 in
580 1989 670 2069 cujus
686 1988 832 2052 viciniam
848 1988 986 2070 plurima
1004 1987 1125 2069 scripta
1146 1986 1322 2067 apostolica

110 2079 189 2136 eraut
202 2074 309 2139 missa.
348 2075 427 2151 Quis
438 2076 505 2157 jam
520 2074 758 2155 imprecationis
772 2074 870 2155 Apoc.
886 2075 938 2154 22,
955 2074 1005 2138 18.
1023 2074 1071 2138 19.
1087 2091 1209 2138 memor
1222 2071 1322 2138 veluti

109 2155 159 2220 sub
173 2159 270 2224 oculis
293 2161 433 2240 pastoris
456 2161 551 2241 hujus
566 2160 801 2241 vigilantissimi
822 2164 946 2224 tantam
961 2157 1107 2225 haudem
1123 2157 1322 2224 committere

109 2259 193 2307 ausus
208 2249 310 2324 esset,
334 2247 453 2327 etquis
470 2265 541 2310 eam
556 2247 623 2310 sine
645 2245 891 2326 reprehensione
905 2244 1108 2327 perfecisset,
1131 2244 1322 2326 praesertim

109 2343 169 2390 cum
183 2335 314 2410 constet,
332 2337 453 2412 quanta
464 2331 668 2397 veneratione
680 2350 789 2396 omnes
800 2350 876 2397 vere
890 2329 1001 2396 fideles
1012 2331 1185 2412 Apostolos
1197 2347 1322 2395 eorum-

109 2429 161 2490 que
175 2416 302 2496 scripta,
317 2418 491 2498 praecipue
506 2421 615 2482 autem
631 2435 654 2482 s.
671 2417 827 2482 Joannem
841 2417 1004 2498 prosecuti
1020 2417 1109 2482 sint?

179 2499 360 2567 Historicae
382 2503 492 2583 itaque
514 2503 648 2568 notitiae
670 2503 711 2568 da
734 2503 909 2585 adjunctis,
935 2503 968 2567 in
991 2503 1107 2583 quibus
1129 2500 1203 2565 libri
1225 2499 1263 2564 N.
1285 2499 1320 2562 T.

110 2586 218 2650 exarati
240 2593 316 2650 sunt
339 2591 372 2652 01
386 2589 428 2652 ad
450 2593 508 2653 no‘s
527 2589 714 2670 propagati,
742 2589 871 2653 eosdem
892 2607 1055 2670 nunquam
1076 2585 1322 2668 interpolatione

107 2669 206 2735 stricte
220 2673 277 2737 tali
293 2674 454 2754 corrumpi
468 2675 625 2755 00101000,
638 2673 709 2739 luce
724 2674 841 2739 clarius
857 2675 1037 2740 ostendunt.
1133 2743 1134 2746 ,

653 2893 681 2975 ξ.
705 2895 756 2960 96.

143 3026 174 3093 b)
199 3031 403 3092 objectiones
422 3033 535 3082 eontra
552 3031 765 3092 dogmaticam
782 3029 940 3081 librorum
951 3029 994 3082 N.
1007 3029 1041 3081 T.
1054 3027 1273 3090 integritatem

527 3116 673 3180 prolatae
691 3115 887 3168 renitantur.

179 3269 247 3335 Non
263 3268 443 3351 deiuemnt,
460 3271 515 3352 qui
530 3271 688 3336 dicerent:

182 3355 207 3419 1.
231 3356 418 3437 Suppositio
433 3361 502 3420 tum
518 3356 657 3435 consilio,
673 3359 742 3420 tum
759 3353 875 3420 effectu
890 3355 930 3420 ab
945 3354 1191 3436 interpolatione
1206 3346 1318 3418 stricte
1440 3429 1441 3434 .

105 3436 154 3499 tali
173 3459 233 3505 non
256 3441 372 3506 differt.
424 3442 498 3506 Jam
520 3462 596 3507 vero
618 3441 754 3506 historia
780 3441 997 3506 ecclesiastica
1019 3441 1129 3518 docet,
1155 3436 1319 3519 Apostolis

105 3521 203 3614 primis
218 3545 291 3590 mox
304 3525 381 3591 fidei
395 3528 594 3608 temporibus
608 3527 702 3608 plura
717 3545 815 3607 00000
830 3544 901 3592 0000
921 3525 1104 3607 supposita,
1127 3525 1191 3588 imo
1206 3522 1319 3587 talium

103 3623 160 3682 pam
172 3611 245 3677 Luc.
264 3614 292 3691 1,
310 3613 342 3675 1:
352 3610 389 3675 fit
404 3613 538 3692 menti03
554 3614 639 3677 unde
654 3612 826 3676 admodum
841 3611 1008 3693 probabile
1022 3609 1068 3690 fit,
1088 3609 1226 3691 genuina
1241 3627 1320 3689 quo·

106 3707 159 3784 que
186 3696 413 3778 Apostolorum
443 3699 563 3780 scripta
592 3698 704 3763 eodem
739 3696 870 3762 consilio
900 3715 971 3762 esse
1006 3694 1218 3778 interpolata,
1256 3713 1320 3775 quo

105 3787 284 3857 mposrores
300 3782 499 3849 ducebantur
513 3785 556 3849 ad
570 3784 713 3864 integros
728 3782 827 3847 libros
843 3783 963 3848 eisdem
979 3781 1214 3863 supponendos.

178 3865 271 3952 Reap.
316 3869 349 3950 a)
374 3869 608 3954 Arpwmeataub
630 3869 720 3948 1000,
748 3867 874 3933 etiamsi
897 3886 1005 3934 omnes
1028 3868 1097 3950 ejus
1123 3865 1321 3948 praemissae
1400 3905 1401 3908 =

106 3955 202 4013 000001
225 3973 336 4030 verae,
371 3953 417 4016 ad
442 3977 596 4017 summam
618 3952 876 4038 probabilitatem
905 3953 1157 4038 interpolationis
1187 3965 1320 4016 tentatae
1388 3979 1390 3982 ·
1520 4027 1524 4036 1

107 4032 269 4130 educeret,
291 4059 354 4104 non
376 4043 485 4104 autem
506 4040 688 4106 realitatem
710 4038 853 4120 ejusdem
868 4037 1017 4118 effectae,
1044 4057 1117 4104 cum
1139 4037 1206 4104 solo
1222 4035 1320 4101 ratio-

107 4131 178 4184 01000
202 4123 337 4205 nitatur,
365 4124 452 4205 quod
472 4125 505 4189 in
528 4125 715 4206 quaestione
735 4123 904 4204 historica,
931 4124 1034 4210 qualis
1062 4128 1111 4190 est
1135 4126 1261 4201 nostre,
1288 4121 1320 4186 vi

107 4199 460 4360 d⁶¹t¹¹⁰¹t¹⁸trss¹¹ffit⁰ar⁰t3
486 4210 561 4276 talis
584 4211 667 4276 enim
689 4208 815 4274 nonnisi
840 4210 1031 4276 testimoniis
1056 4207 1217 4276 historicis
1239 4204 1320 4272 solvi
1384 4237 1386 4242 ·

109 4302 213 4363 1000.
283 4314 339 4362 rae
355 4314 430 4362 area

179 4375 212 4474 ὂ)
236 4383 460 4529 0οΞ0000010100
476 4379 577 4479 allatu
591 4380 806 4466 hypothasibas
820 4381 947 4463 nautor,
971 4403 1049 4466 quaa
1058 4378 1182 4477 partim
1198 4377 1318 4475 dabr'ue,

104 4470 212 4533 portam
226 4466 272 4547 fa
303 4489 340 4528 aa
362 4482 451 4549 nana·
475 4471 592 4532 etemrn
615 4470 648 4540 α)
667 4467 761 4547 plura
776 4465 814 4530 N.
831 4466 865 4531 T.
882 4466 1064 4548 apocrypha
1078 4483 1189 4546 primis
1208 4466 1319 4530 statrm

109 4534 175 4607 fidei
198 4551 393 4632 temporibus
419 4553 502 4618 malo
529 4551 757 4633 suppositionis
784 4552 915 4619 consilio
942 4551 1085 4620 contacta
1111 4569 1198 4634 esse,
1227 4568 1318 4618 nemo
