3356 5176
891 341 923 379 VI

297 485 392 567 gulae
408 486 544 550 visiones
560 488 641 550 adeo
657 483 859 566 magnificae,
885 490 918 549 et
933 491 1020 550 certe
1035 504 1096 550 non
1111 484 1190 552 meri
1205 490 1336 550 ornatus
1352 503 1449 550 causa
1463 487 1519 550 ad-

296 597 383 660 ditae
398 595 459 660 sibi
475 595 581 675 velint,
596 595 648 659 vix
662 593 845 675 perspicies.
882 595 1003 671 Quodsi
1017 596 1210 676 interpretes
1225 595 1424 661 diversorum
1439 600 1518 660 tem-

295 726 409 787 porum
429 705 575 771 consulas
594 705 729 769 maxime
749 704 905 770 illustres:
929 711 1050 786 quanta
1071 706 1301 770 sententiarum
1316 705 1444 786 farrago
1460 707 1518 771 tibi

297 816 448 880 occurrit!
480 815 627 897 Gujusvis
647 816 718 880 aevi
734 820 865 880 eventus
881 815 1125 881 extraordinarii
1140 820 1264 880 tanturn
1280 817 1311 879 in
1327 823 1518 881 commenta-

295 933 383 992 tores
407 932 556 991 exserunt
577 924 745 1006 influxum,
769 931 805 990 ut
826 926 888 990 illis
910 926 1085 1008 imaginum
1100 924 1347 1007 significationes
1362 933 1518 1009 attempe-

295 1041 375 1102 rent.
420 1037 498 1102 Post
512 1035 630 1101 multos
646 1037 773 1101 demum
794 1042 926 1102 conatus
946 1037 1144 1102 frustraneos
1159 1037 1191 1100 in
1206 1057 1257 1102 me
1274 1045 1368 1103 enata
1384 1044 1433 1103 est
1447 1059 1519 1120 per-

294 1149 412 1228 suasio,
436 1149 478 1213 ad
500 1147 729 1228 apocalypseos
751 1147 991 1229 explicationem
1012 1148 1125 1213 saltem
1146 1167 1301 1228 perquam
1321 1150 1519 1231 probabilem

294 1263 425 1340 praeter
440 1262 706 1324 commentatores
721 1258 857 1324 maxime
871 1260 1011 1341 insignes
1027 1260 1064 1324 V.
1080 1260 1114 1323 F.
1130 1259 1313 1340 prophetas,
1334 1260 1519 1324 nominatim

292 1370 503 1448 Ezechielem,
519 1368 685 1433 Danielem
706 1373 739 1433 et
755 1370 942 1434 Zachariam
965 1370 997 1433 in
1021 1369 1173 1433 auxilium
1196 1388 1266 1434 esse
1286 1371 1453 1435 vocandos.
1477 1408 1519 1415 —

293 1480 408 1545 Omnia
426 1480 544 1544 haecce
564 1479 688 1558 studia,
712 1479 790 1566 aliis
803 1480 916 1546 officiis
933 1485 965 1545 et
979 1480 1116 1562 negotiis
1130 1464 1316 1561 frequenter
1330 1482 1518 1562 interrupta,

293 1613 355 1660 non
370 1609 545 1674 pancorum
565 1590 721 1655 mensium
743 1591 848 1672 spatio
870 1591 992 1656 absolvi
1014 1609 1118 1671 posse,
1142 1592 1198 1655 sed
1220 1590 1329 1672 plures
1352 1592 1520 1658 absumere

293 1683 402 1784 annos,
414 1721 473 1767 nec
485 1721 546 1766 non
557 1701 747 1781 patientiam
758 1702 1094 1782 perseverantiamque
1105 1701 1279 1782 postulare,
1292 1720 1384 1768 nemo
1395 1703 1519 1783 peritus

295 1814 434 1896 negabit.
479 1814 532 1877 Me
548 1813 676 1892 saepius
692 1811 895 1877 renunciasse
910 1812 1156 1876 introductionis
1170 1813 1203 1876 in
1218 1831 1296 1877 usus
1312 1812 1519 1877 scholasticos

291 1925 502 2007 publicandae
524 1922 706 2003 proposito,
729 1926 762 1986 et
783 1923 926 1988 laborem
947 1924 1068 1987 huncce
1091 1923 1271 2004 relinquere
1293 1923 1433 1988 voluisse
1455 1924 1518 2002 alii,

292 2037 348 2118 qni
367 2035 493 2116 ingenio
515 2039 547 2099 et
567 2033 746 2098 eruditione
767 2033 869 2115 magis
890 2034 1030 2099 eminens
1051 2039 1083 2098 et
1098 2035 1219 2115 majore
1235 2034 1427 2099 dexteritate
1441 2053 1519 2115 gau-

292 2149 371 2212 dens
386 2144 466 2210 fines
481 2163 579 2225 snpra
595 2144 697 2207 dictos
712 2142 835 2207 felicius
851 2150 938 2209 esset
952 2149 1170 2224 assecuturus,
1186 2144 1322 2225 ingenue
1337 2143 1432 2209 lateri
1448 2143 1520 2208 nul-

292 2257 342 2321 lus
354 2255 476 2320 dubito.
498 2255 559 2318 Ast
570 2253 671 2335 probe
684 2247 795 2333 sciens,
812 2254 977 2320 auditores
993 2273 1081 2320 meos
1097 2254 1315 2319 describendis
1330 2256 1518 2335 praelectio-

294 2387 370 2432 num
392 2366 502 2445 tomiS,
523 2365 610 2429 haud
632 2383 705 2429 raro
727 2365 847 2428 mancis
870 2370 903 2429 et
923 2365 1058 2445 vitiatis,
1081 2364 1216 2429 multum
1238 2366 1391 2446 temporis
1412 2370 1518 2430 terere

296 2477 412 2543 studiis
434 2476 576 2555 dicandi,
600 2482 633 2541 et
653 2474 836 2555 frequentes
858 2475 919 2540 hac
942 2477 983 2541 de
1005 2496 1041 2541 re
1062 2476 1210 2556 querelas
1233 2476 1376 2557 cognitas
1397 2477 1519 2540 habens

294 2589 425 2652 tandem
441 2588 546 2652 omnia
560 2587 620 2650 vici
636 2586 749 2666 dubia,
773 2592 806 2651 et
824 2587 922 2651 tertia
937 2587 1193 2652 bermeneuticae
1208 2587 1347 2652 editione
1362 2587 1412 2650 vix
1428 2585 1517 2651 finita

200 2703 203 2712 ’
293 2697 560 2764 introductionem
582 2697 671 2778 prelo
692 2698 942 2763 submittendam
965 2699 1082 2763 curavi.
1125 2699 1170 2762 Ut
1188 2699 1273 2762 intra
1294 2698 1516 2763 brevissimum

293 2809 447 2890 temporis
470 2808 609 2889 spatium
632 2809 696 2872 duo
720 2827 818 2889 opera
839 2810 1001 2874 nominata
1024 2830 1042 2875 e
1067 2810 1156 2891 prelo
1181 2810 1363 2890 prodirent,
1393 2809 1516 2873 nonnisi

294 2920 417 2985 summa
433 2938 515 2984 caes,
531 2939 596 3000 reg.
613 2919 806 3000 bibliopolae
822 2921 932 3001 aulici,
956 2922 994 2984 D.
1011 2922 1046 2985 F.
1062 2921 1099 2984 A.
1117 2920 1281 3000 Crannona,
1304 2920 1516 2985 sollicitudine

295 3038 328 3096 et
341 3031 481 3096 instituti
496 3030 718 3111 typographici
730 3031 768 3094 D.
777 3032 816 3094 D.
833 3031 990 3096 G1nsncxn
1006 3032 1034 3094 dt
1048 3033 1213 3098 Dnvnmxr
1228 3030 1357 3110 Lipsiae
1373 3031 1515 3096 sollertia

293 3142 376 3208 effici
396 3141 510 3223 potuit.
541 3141 626 3205 Viris
648 3140 747 3221 igitur
768 3142 937 3206 nominatis
960 3143 1113 3206 maximas
1135 3161 1195 3223 ago
1218 3141 1348 3223 gratias,
1390 3142 1424 3207 Si
1446 3142 1514 3222 typi

210 3298 212 3302 -
294 3269 418 3317 errores
433 3256 564 3331 praeter
578 3255 705 3316 notatos
720 3251 935 3331 inveniantur,
959 3251 1095 3334 benigne
1110 3251 1328 3331 excusabitur3
1351 3273 1425 3318 nam
1440 3254 1514 3317 licet

293 3382 421 3428 manum
438 3363 659 3427 correctricem
674 3362 789 3444 magna
804 3363 981 3428 attentione
996 3363 1128 3427 ultimus
1144 3363 1338 3443 adhiberem,
1362 3364 1404 3427 ad
1413 3364 1515 3428 itera-

293 3479 360 3539 tam
381 3478 489 3538 tamen
513 3473 619 3555 operis
641 3471 722 3538 finiti
746 3474 935 3538 revisionem
958 3474 1188 3539 instituendam
1214 3474 1298 3539 vires
1325 3474 1457 3538 deerant
1483 3480 1515 3537 et

295 3586 402 3651 otium.
433 3584 571 3648 Multum
585 3583 758 3664 falleretur,
779 3585 834 3665 qui
849 3585 986 3650 nonnisi
1001 3603 1083 3649 nova
1098 3589 1312 3665 exspectaret;
1334 3584 1442 3666 potius
1457 3604 1515 3664 per

293 3696 420 3776 longam
435 3714 590 3760 annorum
604 3696 720 3760 seriem
735 3696 840 3760 omnia
854 3696 1002 3776 probavi,
1026 3699 1059 3760 et
1078 3715 1162 3776 quae
1182 3715 1258 3760 vera
1273 3700 1414 3777 aptaque
1428 3695 1514 3759 vide-

294 3807 420 3885 bantur,
446 3805 514 3870 sine
535 3806 748 3892 haesitatione
770 3807 931 3888 adoptavi,
953 3807 1135 3887 ubicunque
1156 3805 1274 3871 luerint
1295 3807 1433 3871 inventa.
1477 3806 1514 3868 In

293 3916 439 3998 pluribus
461 3922 590 3982 secutus
613 3935 684 3980 sum
706 3918 860 3982 Leonard.
884 3917 1040 3999 Hugium,
1068 3917 1158 3997 cujus
1180 3917 1390 3995 introductio,
1416 3916 1514 3980 variis

292 4029 368 4093 lieet
381 4026 507 4092 laboret
521 4028 644 4092 mendis
660 4034 693 4092 et
707 4028 932 4101 audacioribus
943 4028 1085 4093 abundet
1095 4011 1335 4108 hypothesibus,
1351 4027 1514 4091 meliorem

294 4145 401 4204 tamen
415 4137 602 4218 disciplinae
616 4137 797 4219 isagogicae
812 4139 1001 4203 tractandae
1016 4139 1156 4202 ostendit
1171 4137 1371 4216 methodum,
1395 4141 1427 4201 et
1443 4155 1513 4200 suc-

294 4249 474 4316 cessoribus
496 4249 528 4312 in
550 4248 659 4313 multis
682 4249 824 4314 subsidio
849 4249 910 4314 erit
931 4268 1133 4330 nequaquam
1154 4248 1385 4328 vihpendendo.
1401 4283 1443 4289 -
1463 4246 1513 4309 De

293 4362 404 4425 ordine
417 4361 451 4424 in
465 4363 558 4440 parte
572 4363 639 4424 tam
655 4360 795 4440 generali
810 4379 906 4440 quarn
924 4361 1054 4441 speciali
1069 4379 1089 4424 a
1103 4379 1154 4424 me
1169 4357 1338 4422 observato
1354 4356 1513 4437 disputari

292 4491 403 4552 posse,
425 4471 496 4552 ipse
516 4471 618 4537 sentio
641 4476 674 4536 et
688 4470 800 4536 lubens
816 4471 967 4549 conced0;
991 4477 1043 4535 ast
1057 4486 1278 4552 quemcunque
1292 4466 1512 4532 observaveris
