3428 5180
668 289 954 352 -267-

191 458 390 527 tractoribus
405 457 481 537 suis,
502 462 600 538 prout
614 443 830 523 necessarium
844 456 967 539 fuisset,
991 459 1134 525 severius
1150 477 1221 524 sese
1236 465 1421 540 opponeret.

195 547 305 624 Quare
319 544 455 609 alteram
469 543 552 608 hauc
566 543 734 623 epistolam
750 543 902 609 adventui
917 562 975 609 suo
986 545 1196 626 praemittere
1208 546 1310 610 satius
1322 546 1422 624 duxit,

193 637 233 697 ut
254 630 315 694 hac
336 629 461 694 ratione
482 629 647 694 mehorem
671 628 825 695 ecelesiae
846 634 972 710 partem
995 629 1197 710 obfirmaret,
1221 631 1423 696 adversarios

194 722 305 783 autem
318 714 498 796 injust'tiae
513 714 722 794 convinceret,
741 714 865 794 pudore
880 715 1088 795 suffimderet,
1110 716 1219 797 sicque
1235 721 1367 781 cunctos
1382 715 1424 780 ad

105 801 111 804 ’
195 820 291 868 suum
312 800 486 865 adventum
509 799 612 880 magis
634 805 852 881 praepararet.
896 800 990 866 Hunc
1010 820 1104 866 suum
1122 800 1218 866 finem
1232 801 1424 882 Apostolum

194 887 333 953 feliciter
352 888 537 950 assecutum
560 903 640 965 esse,
663 885 805 950 dubitari
826 886 951 967 nequit;
975 887 1093 952 etenim
1114 886 1239 968 aliquot
1259 886 1425 952 mensibus
1482 887 1487 892 ’

196 972 315 1054 elapsis
325 970 469 1036 Corinthi
484 975 699 1036 commoratus
715 975 764 1036 est
773 970 857 1050 (Act.
870 972 921 1051 20,
933 972 987 1052 3.),
1004 972 1220 1052 eleemosynas
1234 972 1280 1036 ibi
1296 971 1425 1053 collegit

197 1065 231 1125 et
250 1055 420 1138 epistolam
439 1056 482 1120 ad
496 1057 657 1120 Romanos
678 1056 808 1138 scripsit
823 1056 926 1136 (Rom.
945 1057 994 1135 15,
1011 1057 1061 1121 26.
1086 1057 1204 1138 1111).
1249 1059 1424 1122 Ρ11111111

199 1142 340 1207 Clemens
354 1141 444 1205 Rom.
462 1141 521 1205 sub
536 1140 632 1206 finem
647 1159 729 1206 saec.
746 1143 770 1205 Ι.
785 1141 818 1205 in
834 1160 893 1206 sua
907 1141 949 1206 ad
966 1140 1148 1218 Corinthios
1171 1143 1307 1222 epistola
1321 1143 1369 1206 ita
1384 1142 1424 1206 de

198 1228 299 1293 Paulo
314 1227 466 1308 loquitur,
489 1230 527 1290 ut
544 1230 666 1307 pateat,
687 1227 845 1308 integram
861 1227 943 1292 hanc
958 1228 1125 1292 ecclesiam
1139 1228 1330 1308 Apostolum
1345 1229 1365 1292 J
1368 1245 1425 1292 esu

199 1313 319 1380 Christi
327 1313 453 1392 Deique
467 1311 697 1398 legatumesse
710 1318 905 1377 veneratam.
935 1313 1002 1375 Aut
1015 1313 1126 1392 itaque
1142 1331 1166 1377 s.
1176 1313 1297 1378 Paulus
1312 1314 1425 1377 adver-

199 1399 301 1464 sarios
317 1415 393 1462 suos
408 1398 468 1461 hae
484 1397 620 1477 epistola
635 1398 677 1461 ad
692 1397 856 1462 meliorem
870 1397 995 1479 frugem
1011 1398 1147 1478 reduxit,
1168 1403 1226 1462 aut
1240 1398 1425 1480 principalis

198 1503 309 1550 corum
325 1483 398 1562 dux,
414 1501 476 1546 non
492 1488 676 1564 exspectato
692 1483 839 1565 Apostoli
853 1483 1003 1562 adventu,
1023 1483 1136 1548 urbem
1152 1484 1304 1564 deseruit,
1319 1488 1353 1549 et
1366 1482 1427 1549 hoc

198 1570 293 1634 modo
310 1567 463 1632 ecclesiae
478 1567 668 1632 adunandae
683 1569 846 1650 negotium
860 1567 986 1632 facilius
1000 1568 1151 1633 reddidit.

753 1787 781 1869 s.
802 1786 874 1854 111.

455 1925 621 1986 Epistulae
633 1925 675 1974 11.
689 1925 730 1974 ad
743 1923 925 1974 Corinthios
937 1927 1171 1984 argumentum.

285 2078 519 2158 Argumentum
534 2078 629 2158 huJus
645 2076 801 2157 epistolae
815 2078 847 2141 in
862 2083 929 2142 tres
944 2083 1055 2158 partes
1070 2077 1171 2141 dividi
1184 2082 1301 2158 potest.

285 2163 325 2225 In
345 2162 371 2226 I.
388 2177 483 2247 parte
505 2187 531 2224 c.
554 2164 645 2224 1-7.
668 2162 742 2224 incl.
776 2162 951 2242 Apostolus
973 2163 1150 2243 praemissa
1172 2163 1373 2228 dedicatione
1394 2167 1427 2229 et

197 2248 393 2314 salutatione
416 2247 580 2312 exorditur
602 2267 621 2311 a
642 2246 792 2311 laudibus
807 2247 868 2312 Dei
891 2248 931 2313 0b
954 2248 1201 2313 consolationem
1221 2253 1254 2312 et
1274 2249 1426 2313 auxilium

146 2370 154 2380 ·
197 2334 262 2416 ipsi
276 2333 378 2397 latum
393 2333 426 2396 in
442 2332 589 2398 omnibus
604 2332 858 2411 calamitatibus,
881 2333 914 2396 in
936 2333 1042 2413 specie
1057 2352 1133 2398 vero
1149 2333 1189 2399 ob
1204 2333 1426 2399 liberationem

198 2439 218 2485 e
233 2419 347 2483 mortis
361 2417 502 2498 periculo
517 2418 550 2481 in
564 2418 657 2498 Asia,
680 2417 782 2482 fretus
798 2418 996 2483 orationibus
1013 2417 1249 2483 Corinthiorum
1263 2419 1427 2484 ndterioris

197 2503 399 2569 liberationis
415 2522 505 2585 spem
520 2502 718 2582 manifestat,
741 2503 908 2567 subnixam
924 2503 1136 2569 conscientiae
1151 2523 1229 2569 suae
1242 2504 1379 2584 puritati
1395 2510 1428 2570 et

199 2589 405 2655 consiliorum
425 2589 602 2653 sinceritati
624 2589 652 2668 1,
669 2589 782 2652 1-14,
799 2589 1025 2653 —Rationem
1045 2590 1168 2668 reddit,
1189 2609 1246 2654 cur
1260 2589 1434 2670 proposito

199 2693 258 2740 suo
276 2673 464 2738 Corinthum
479 2673 626 2738 veniendi
640 2691 702 2737 uon
718 2673 923 2752 satisfecerit;
947 2693 982 2738 se
1002 2674 1174 2739 adrentum
1190 2693 1283 2738 suum
1298 2674 1427 2740 differre

199 2760 351 2825 debuisse
373 2759 460 2838 dicit,
482 2765 519 2823 111
540 2758 603 2822 illis
624 2776 758 2837 parcere
780 2765 899 2838 posset,
921 2777 1026 2838 neque
1047 2759 1164 2822 iterum
1185 2760 1288 2823 tristis
1308 2760 1350 2824 ad
1372 2779 1427 2824 eos
1483 2786 1489 2795 ·

198 2845 324 2910 veniret
340 2845 368 2924 1,
392 2844 505 2922 16-2,
522 2844 550 2907 3.
594 2843 646 2906 Ad
668 2843 807 2923 priorem
831 2842 1000 2922 epistolam
1023 2843 1196 2922 respiciens
1219 2849 1368 2922 testatur,
1392 2863 1427 2909 se

199 2948 324 2994 summo
340 2929 437 2993 animi
452 2929 562 2993 dolore
576 2927 726 2992 affectum
742 2932 775 2992 et
789 2928 1017 3007 lacrymantem
1033 2928 1175 2992 severius
1191 2929 1367 3008 scripsisse,
1388 2933 1426 2993 ut

199 3016 419 3081 characterem
441 3014 543 3094 ipsius
566 3019 807 3095 cognoscerent;
838 3012 1109 3077 excommunicato
1132 3013 1172 3076 ob
1195 3013 1426 3093 poenitentiam

198 3106 306 3165 actam
325 3100 461 3180 ignoscit
483 3099 705 3179 hortaturque,
728 3103 765 3161 ut
788 3098 884 3162 etiam
905 3097 1043 3162 lectores
1062 3099 1092 3162 ei
1106 3099 1273 3179 ignoscant
1288 3117 1426 3179 eumque

197 3185 336 3267 pristina
351 3185 508 3249 charitate
523 3184 678 3265 recipiant
693 3184 723 3262 2,
738 3183 854 3247 1-11.
869 3219 912 3227 -
927 3183 1057 3248 Transit
1072 3184 1114 3247 ad
1128 3184 1226 3247 animi
1240 3184 1291 3248 sui
1301 3184 1426 3263 inquie-

198 3271 359 3350 tudinem,
381 3288 480 3349 quum
496 3269 603 3332 Titum
618 3288 680 3333 non
694 3268 851 3332 inveniret
866 3268 1007 3349 Troade,
1030 3269 1072 3332 ad
1087 3269 1149 3333 1111
1164 3269 1303 3332 suumin
1320 3270 1426 3333 Mace-

198 3355 327 3420 doniam
343 3355 556 3419 acceleratum
572 3360 604 3418 et
619 3353 659 3418 ob
675 3359 809 3434 accepta
823 3354 1014 3418 nunciaDeo
1027 3354 1148 3434 gratias
1161 3355 1237 3434 agit,
1253 3355 1309 3434 qui
1319 3354 1425 3434 ipsum

199 3459 328 3520 semper
346 3440 546 3521 triumphare
564 3437 662 3503 faciat
682 3438 722 3502 ob
744 3439 960 3503 sinceritatem
974 3439 1007 3502 in
1021 3439 1236 3519 praedicando
1250 3438 1349 3503 verbo
1361 3438 1426 3503 Dei

198 3526 229 3605 2,
248 3524 382 3588 12-17.
397 3561 440 3568 -
455 3525 504 3589 Ne
519 3524 694 3604 Apostolus
715 3525 863 3604 proprias
886 3524 998 3587 laudes
1021 3542 1135 3588 canere
1155 3523 1313 3604 videatur,
1337 3525 1425 3604 ipsos

199 3610 382 3674 Corinthios
396 3610 615 3674 testimonium
631 3627 701 3673 1111
716 3609 794 3673 dicit
809 3627 887 3672 suae
901 3609 934 3672 in
948 3608 1164 3688 praedicando
1175 3609 1339 3690 evangelio
1350 3610 1426 3674 dex-

124 3757 126 3760 .
197 3696 349 3774 teritatis,
372 3714 468 3776 quam
482 3695 552 3758 Deo
567 3693 693 3772 debeat,
715 3695 771 3774 qui
784 3693 890 3774 ipsum
904 3692 980 3757 fecit
994 3693 1066 3757 novi
1081 3691 1220 3758 foederis
1235 3694 1425 3773 ministrum,

199 3781 288 3861 quod
303 3780 514 3844 ministerium
528 3778 582 3843 illo
596 3778 736 3844 foederis
751 3779 883 3842 mosaici
902 3779 996 3859 longe
1016 3778 1186 3858 gloriosius
1207 3780 1265 3859 sit,
1288 3780 1426 3861 ideoque

198 3885 235 3930 se
250 3866 291 3929 ab
307 3865 392 3930 omni
407 3865 527 3929 astutia
543 3870 575 3928 et
590 3864 794 3945 corruptione
814 3863 905 3927 verbi
925 3863 1153 3928 alienissimum
1168 3865 1426 3930 manifestatione

145 3955 148 3960 '
198 3951 347 4016 veritatis
369 3950 583 4014 commendari
603 3968 708 4013 coram
730 3948 910 4012 hominibus
932 3953 964 4013 et
978 3948 1064 4028 Deo,
1088 3953 1121 4013 et
1141 3949 1319 4014 doctrinam
1334 3969 1425 4014 suam

198 4035 323 4100 nonnisi
338 4035 401 4100 illis
417 4053 488 4100 esse
504 4034 681 4114 obscuram,
698 4035 753 4115 qui
768 4034 831 4098 luci
842 4033 989 4098 veritatis
1002 4038 1116 4114 sponte
1127 4035 1280 4099 resistant
1288 4036 1318 4112 3,
1332 4035 1424 4113 1-4,

200 4121 390 4184 7.-1nter
412 4119 611 4184 calamitates
632 4120 839 4200 gravissimas
862 4125 895 4183 et
916 4119 1065 4182 continua
1087 4119 1199 4183 mortis
1225 4117 1368 4199 pericula
1390 4137 1425 4183 se

199 4225 329 4286 semper
343 4211 376 4270 et
395 4205 514 4286 ubique
533 4204 721 4284 praedicare
741 4204 820 4268 dicit
839 4203 923 4268 bono
937 4203 1042 4267 animo
1058 4204 1239 4284 praeditum
1255 4208 1288 4268 et
1303 4222 1360 4284 spe
1375 4221 1426 4268 re-

198 4291 430 4355 munerationis
450 4295 601 4355 aeternae
621 4294 719 4371 atque
739 4289 898 4371 gloriosae
917 4287 1160 4353 resurrectionis
1174 4287 1302 4353 futurae
1317 4289 1426 4352 nixum

198 4376 229 4456 4,
246 4375 340 4456 8-5,
357 4377 406 4440 10.
422 4412 463 4418 -
478 4374 666 4441 Lectoribus
680 4375 715 4438 in
729 4375 916 4439 memoriam
930 4377 1060 4438 revocat
1074 4373 1325 4454 magnitudinem
1340 4373 1425 4438 salu-

198 4461 243 4525 tis
259 4480 279 4524 a
293 4461 362 4526 Deo
377 4461 410 4524 in
426 4461 553 4525 Christo
568 4465 716 4541 paratae,
741 4467 773 4525 et
792 4460 824 4523 vi
844 4460 984 4524 muneris
1000 4459 1050 4522 sui
1065 4475 1119 4522 eos
1134 4458 1299 4538 hortatur,
1322 4465 1360 4522 ut
1375 4478 1425 4524 re-

199 4545 429 4612 conciliationis
444 4545 551 4627 gratia
566 4545 679 4626 dignos
694 4564 729 4610 se
745 4545 882 4610 reddant
895 4545 925 4624 5,
943 4544 1078 4607 11-20,
1100 4579 1143 4588 -
1166 4543 1332 4620 Quomodo
1354 4545 1425 4625 ipse
