3428 5180
774 252 1057 318 -276—

391 475 429 539 In
440 488 535 561 parte
546 475 751 560 paraenetica
768 495 793 536 c.
809 473 945 536 12-16.

392 595 567 676 Apostolus
577 593 714 660 lectores
726 593 883 672 obsecrat,
899 598 936 658 ut
947 611 1082 672 corpora
1094 610 1153 658 sua
1163 593 1233 660 Deo
1246 592 1382 660 offerant
1392 594 1530 660 hostiam

305 681 464 746 viventem
476 685 509 745 et
520 679 766 761 beneplacitam
782 684 819 742 ut
829 679 967 747 ammam
975 678 1069 758 jnxta
1079 676 1276 744 voluntatem
1288 679 1429 746 diuinam
1441 699 1531 746 reno-

306 772 396 846 uent3
419 771 456 831 ut
474 766 599 846 gratiae
620 765 705 831 dona
722 765 816 845 juxta
831 783 941 830 eorum
956 762 1050 830 finem
1065 764 1107 830 ad
1122 782 1321 830 communem
1336 763 1530 830 aedificatio-

306 871 379 918 nem
401 851 590 929 adhibeant3
617 856 654 917 ut
674 851 854 931 proximum
869 849 1021 930 diligant3
1047 855 1085 914 ut
1105 849 1168 930 ipsi
1190 848 1366 930 ferventem
1394 850 1530 918 orationi

202 939 205 948 '
306 936 479 1016 instantes,
494 955 556 1000 non
571 935 638 1000 alta
654 935 815 1016 sapientes
831 935 998 1000 charitatis
1014 954 1112 1014 opera
1127 943 1309 1016 exerceant,
1331 955 1446 1016 pacem
1461 955 1530 1002 cum

307 1022 454 1088 omnibus
469 1027 634 1087 servantes
649 1021 822 1086 vindictam
836 1020 906 1092 Deo
921 1019 1103 1100 relinquant
1118 1025 1151 1086 et
1166 1022 1285 1086 malum
1299 1021 1383 1086 bono
1405 1022 1531 1088 vincant

308 1126 333 1174 θ’
351 1108 519 1270 12litorei,
542 1195 580 1255 ut
600 1189 817 1270 potestatibus
837 1188 1006 1255 altioribus
1029 1189 1150 1254 subditi
1172 1191 1236 1254 sint
1256 1190 1360 1255 aDeo
1375 1191 1531 1256 institutis

307 1278 350 1344 ad
372 1275 509 1342 salutern
531 1276 703 1354 bonorum,
730 1276 772 1339 ad
792 1275 939 1340 timorem
955 1273 1128 1352 malcrum,
1153 1279 1191 1337 ut
1205 1274 1316 1354 itaque
1331 1275 1378 1340 eis
1393 1294 1459 1357 qua
1473 1276 1532 1342 Dei

307 1362 462 1428 ministris
478 1380 540 1425 non
556 1361 597 1425 ob
613 1368 743 1439 metum,
760 1360 817 1424 sed
831 1366 965 1440 propter
981 1359 1207 1423 conscientiam
1222 1359 1374 1430 obediant
1381 1411 1404 1454 ,ο
1411 1361 1532 1426 tributa
1631 1401 1633 1404 -

308 1447 434 1514 solvant
449 1453 483 1511 et
496 1446 529 1510 in
544 1464 661 1528 genere
676 1445 847 1525 unicuique
862 1463 955 1514 suum
970 1443 1115 1508 tribuant
1130 1445 1180 1524 13,
1197 1445 1289 1508 1—7.

395 1531 491 1598 Redit
506 1532 549 1596 ad
564 1531 753 1597 charitatem
768 1530 914 1595 omnibus
930 1529 1072 1594 debitam
1088 1533 1121 1594 et
1136 1548 1206 1595 eam
1222 1531 1439 1609 commendat,
1464 1549 1532 1596 cum

309 1617 352 1683 sit
366 1618 446 1700 legis
462 1617 642 1697 plenitudo,
665 1622 698 1681 et
711 1613 823 1681 fideles
839 1613 1053 1679 somnolentos
1069 1614 1187 1679 excitat
1201 1633 1259 1695 spe
1274 1614 1388 1680 salutis
1405 1616 1534 1696 propiu-

309 1721 410 1785 quae,
431 1703 605 1784 urgetque,
628 1707 666 1766 ut
680 1701 815 1782 abjectis
830 1700 982 1780 operibus
996 1699 1089 1764 malis
1105 1700 1217 1764 virtuti
1236 1702 1402 1780 studeant,
1425 1701 1532 1766 Domi-

308 1808 385 1856 num
400 1789 421 1854 J
423 1807 512 1853 esum
528 1787 692 1852 Christum
705 1786 841 1853 induant
857 1786 906 1865 13,
923 1786 1038 1850 8-14,

319 1916 322 1921 -
395 1873 571 1953 Hortatur,
601 1879 638 1938 ut
662 1870 805 1936 infirmos
831 1871 1020 1951 suscipiant,
1051 1889 1091 1936 ne
1119 1870 1159 1936 ob
1185 1870 1273 1935 cibos
1287 1877 1345 1936 aut
1364 1869 1459 1936 festa-
1473 1872 1534 1938 sint

309 1959 560 2040 disceptationes
575 1963 633 2021 aut
643 1956 809 2039 judicandi
824 1957 985 2037 pronitas,
1006 1974 1105 2037 quum
1121 1956 1162 2020 de
1175 1954 1276 2020 fratre
1294 1956 1453 2037 judicium
1473 1977 1532 2024 non

308 2045 416 2125 nobis,
444 2044 501 2110 sed
522 2043 581 2110 soli
597 2042 725 2108 Christo
745 2047 923 2122 competat;
949 2060 989 2106 ne
1005 2041 1076 2122 quis
1091 2042 1228 2106 alterum
1244 2040 1313 2106 cibo
1330 2042 1531 2122 scandalizet,

308 2136 347 2196 ut
360 2130 470 2211 potius
485 2128 526 2194 ob
541 2127 773 2194 aedificationis
787 2125 883 2193 finem
898 2145 918 2190 a
932 2126 1028 2192 licitis
1044 2126 1142 2192 etiam
1156 2126 1372 2207 abstineatur3
1392 2147 1433 2192 ne
1449 2126 1532 2194 infir·

309 2216 392 2282 micr
406 2219 517 2280 contra
531 2214 772 2294 persuasionem
787 2231 879 2278 suam
893 2211 1018 2293 agendo
1033 2218 1145 2292 peccet
1160 2231 1185 2277 c.
1203 2212 1252 2275 14.

396 2299 570 2364 Firmiores
591 2299 625 2362 in
647 2298 753 2378 specie
774 2304 896 2378 monet,
922 2302 960 2362 ut
983 2297 1126 2378 exemplo
1150 2296 1270 2362 Christi
1295 2298 1374 2362 moti
1399 2297 1533 2379 benigne

309 2384 416 2451 ferant
430 2382 640 2449 infirmiorum
654 2382 906 2461 imbecillitates,
923 2399 962 2448 ne
978 2381 1040 2446 sibi
1054 2383 1179 2461 vivant,
1195 2381 1254 2448 sed
1268 2388 1305 2448 ut
1319 2383 1533 2463 proximorum

297 2469 526 2538 aedificationi
542 2474 575 2533 et
591 2468 688 2534 saluti
703 2470 856 2534 studeant
872 2468 922 2547 15,
939 2468 1031 2532 1-4.

396 2555 561 2632 Precatur,
577 2559 614 2618 ut
624 2553 686 2619 Dei
700 2554 807 2636 gratia
822 2571 931 2618 omnes
947 2552 1113 2618 unanimes
1124 2572 1186 2618 uno
1198 2571 1255 2618 ore
1265 2553 1422 2618 honorent
1431 2554 1532 2621 Deum

312 2646 346 2706 et
360 2639 491 2704 Patrem
506 2639 634 2703 Domini
649 2639 751 2703 nostri
766 2639 845 2704 lesu
862 2637 997 2718 Christi,
1020 2639 1075 2718 qui
1091 2657 1200 2702 omnes
1215 2639 1374 2719 suscepit,
1394 2637 1533 2720 Judaeu-

311 2743 383 2793 rum
398 2724 543 2790 minister
557 2722 661 2789 iactus
677 2723 718 2789 ob
732 2723 795 2789 Dei
808 2723 1014 2802 fidelitatem,
1029 2724 1076 2788 ita
1090 2728 1214 2802 tamen,
1235 2728 1272 2787 ut
1287 2723 1385 2788 etium
1400 2724 1533 2806 gentiles

311 2810 352 2876 ob
367 2809 618 2876 misericordiam
633 2809 776 2889 suscepti
790 2809 855 2874 sint
869 2808 912 2873 ad
923 2809 1028 2876 Deum
1043 2806 1284 2890 glorificandum
1294 2809 1389 2889 juxta
1399 2809 1534 2890 prophe·

310 2902 418 2966 tarum
433 2894 583 2959 vaticinia
599 2894 649 2974 15,
663 2894 779 2958 5-13.

396 2981 446 3046 De
460 2979 616 3044 lectorum
631 2978 801 3044 dilectione
817 2983 850 3043 et
865 2977 998 3042 scientia
1010 2976 1170 3044 confidens
1181 2977 1356 3059 Apostolus
1368 2979 1535 3059 epistolam

312 3083 403 3132 suam
426 3068 558 3130 excusat
576 3082 722 3142 munere,
749 3062 800 3127 cui
821 3061 1020 3127 satisfaciens
1041 3062 1239 3144 evangehum
1265 3062 1385 3144 ubique
1410 3065 1535 3144 praedi·

311 3156 418 3218 casset
432 3151 472 3214 ab
484 3148 715 3229 Hierosolymis
730 3148 879 3228 usquein
894 3147 1071 3228 Illyricum;
1087 3165 1123 3212 se
1137 3147 1179 3212 ad
1193 3147 1264 3213 illos
1279 3154 1450 3213 venturum
1465 3168 1536 3229 pro·

346 3236 413 3300 'ttit
432 3234 465 3299 in
485 3234 599 3300 itinere
620 3253 678 3298 suo
699 3234 732 3297 in
747 3233 952 3313 Hispaniam
978 3232 1140 3311 obsecrat,
1166 3238 1203 3296 ut
1217 3253 1275 3313 prc
1290 3233 1360 3314 ipso
1376 3235 1419 3298 ad
1434 3234 1536 3298 Deum

311 3326 413 3398 orent,
429 3324 466 3383 ut
481 3318 627 3383 omnibus
641 3316 777 3382 feliciter
791 3317 932 3398 peractis
947 3316 1052 3381 laetus
1064 3317 1198 3381 Romam
1213 3319 1320 3382 veniat
1337 3319 1386 3398 15,
1401 3319 1535 3384 14-30.

399 3402 608 3469 Commendat
633 3402 800 3481 Phoeben,
828 3400 982 3468 ecclesiae
1007 3401 1221 3466 Kenchrensis
1247 3402 1475 3483 diaconissam,
1506 3409 1536 3468 et

311 3490 430 3557 multos
445 3487 557 3554 fideles
571 3487 758 3553 nominatim
773 3486 895 3552 salutat
911 3487 959 3566 16,
976 3487 1090 3550 1-162

398 3575 559 3639 Romanos
574 3573 739 3654 hortatur,
766 3577 803 3636 ut
817 3572 988 3637 observent
1003 3570 1237 3636 dissensionum
1260 3576 1293 3637 et
1315 3573 1536 3638 scandalorum

312 3665 462 3726 auctores
477 3677 597 3739 eosque
611 3657 749 3740 higiant,
771 3676 869 3738 quum
884 3675 947 3721 non
963 3654 1106 3734 Christo,
1122 3656 1180 3721 sed
1195 3656 1298 3720 ventri
1313 3675 1371 3722 suo
1387 3657 1535 3737 serviant,

313 3750 347 3811 et
367 3745 524 3808 lectorum
548 3742 731 3808 obedientia
756 3741 921 3823 divulgata
947 3742 989 3805 sit
1014 3741 1046 3804 in
1072 3760 1196 3805 omnem
1221 3741 1342 3820 locum;
1367 3748 1476 3823 optat,
1502 3747 1537 3808 ut

313 3829 476 3911 sapientes
499 3827 563 3892 sint
582 3828 615 3892 in
637 3827 737 3906 bono,
763 3826 923 3906 simplices
942 3825 976 3889 in
995 3825 1095 3903 malo,
1123 3831 1157 3889 et
1176 3831 1213 3890 ut
1227 3826 1317 3890 Deus
1336 3827 1536 3892 adversarios

314 3932 424 3980 eorum
439 3912 529 3977 brevi
544 3910 724 3977 confimdot.
768 3911 915 3992 Denique
929 3910 1069 3990 plurium
1086 3909 1212 3974 nomine
1227 3911 1379 3976 Romanis
1401 3911 1535 3976 salutem

315 4000 404 4079 dicit,
419 4004 452 4064 et
466 3997 588 4062 solenni
602 3995 824 4062 benedictione
838 4014 877 4062 ac
890 3995 1060 4076 doxologia
1075 3995 1245 4076 epistolam
1256 3994 1326 4060 finit
1339 3997 1389 4076 16,
1402 3997 1534 4059 17-27.
