3364 5156
778 246 1063 310 „200-

391 417 504 480 Primo
518 418 614 481 serato
628 416 661 482 in
676 415 821 481 omnibus
838 415 978 482 occurrit
992 415 1133 498 antiquis
1148 415 1245 481 Asiae
1266 421 1299 481 et
1312 415 1439 481 Africae
1460 435 1523 480 ver-

306 504 459 584 sionibus,
474 503 506 567 in
522 503 667 569 omnibus
683 502 906 568 canonicorum
920 501 1075 567 librorum
1090 502 1254 584 catalogis,
1270 521 1328 567 nec
1342 502 1449 568 nonin
1464 521 1524 566 om-

307 591 401 656 nibus
417 588 579 655 codicibus
594 589 727 671 graecis,
744 589 884 669 exceptis
901 587 1158 671 Cantabrigiensi
1172 588 1200 651 D
1217 593 1250 654 et
1265 588 1326 668 29,
1342 588 1398 670 qui
1412 587 1525 653 aLati-
1595 609 1597 614 ·

307 676 356 741 nis
372 680 447 741 sunt
462 675 593 741 exarati.

390 760 502 824 Altera
522 759 772 842 deprehenditur
792 758 825 824 in
848 759 916 824 cod.
939 759 969 823 D
993 764 1026 824 et
1046 760 1115 839 29,
1141 759 1173 824 in
1194 759 1393 825 versionibus
1414 759 1526 838 latinis,

307 865 388 928 quas
403 845 531 912 exhibet
545 846 613 911 cod.
629 845 807 910 Vindobon.
824 849 856 909 et
872 844 1037 910 Corbeian.
1053 847 1093 925 2,
1108 844 1141 909 in
1155 844 1266 910 multis
1281 845 1443 911 codicibus
1460 844 1527 908 lati-

306 933 355 998 nis
370 932 583 998 bibliothecae
597 931 798 1010 Parisiensis,
813 930 998 1011 vaticanae,
1015 930 1219 1012 Sangalensis
1235 936 1268 996 et
1282 930 1490 996 Monacensis.

395 1018 500 1080 Terbo
517 1017 655 1099 denique
669 1016 830 1082 invenitur
844 1017 877 1080 in
892 1017 960 1082 cod.
979 1017 1045 1097 19,
1062 1016 1095 1081 in
1109 1015 1309 1082 versionibus
1323 1016 1432 1081 latinis
1449 1016 1528 1080 codi-

309 1103 554 1188 cisBrixiensis,
569 1101 781 1168 vercellensis
798 1106 831 1167 et
844 1101 1054 1182 Veronensis,
1070 1101 1102 1167 in
1116 1102 1262 1168 versione
1277 1101 1431 1181 Gothico,
1447 1101 1528 1182 apud

306 1189 538 1254 Tertullianum
554 1190 624 1254 adv.
640 1188 738 1253 Marc.
754 1187 808 1252 lv.
824 1187 868 1267 2.,
893 1187 926 1252 in
948 1187 1230 1254 constitutionibus
1252 1187 1471 1269 apostolorum
1492 1187 1528 1250 ll.

307 1274 358 1339 57.
375 1280 408 1340 et
421 1275 455 1339 in
470 1273 638 1356 synaxario
654 1273 807 1339 ecclesiae
821 1280 988 1354 graecae¹

351 1375 355 1382 ’
391 1361 557 1426 Secundus
573 1365 606 1425 et
620 1359 745 1438 tertius,
762 1378 825 1441 quo
842 1359 1006 1440 evangelia
1021 1377 1114 1425 sacra
1130 1378 1201 1424 sese
1213 1359 1381 1441 excipiunt,
1397 1359 1476 1423 ordo
1487 1358 1530 1422 in-

305 1445 440 1511 stitutus
456 1450 506 1510 est
521 1445 644 1511 ratione
667 1445 778 1509 habitd
798 1448 965 1509 auctorum
987 1444 1153 1528 dignitatis
1179 1445 1398 1527 munerisque,
1426 1444 1474 1508 ita
1498 1448 1531 1506 ut
1646 1494 1648 1498 .

304 1529 500 1613 praecedant
514 1531 555 1596 ab
570 1530 735 1612 Apostolis
752 1530 939 1596 elucubrata
953 1530 1022 1611 illa,
1039 1549 1122 1612 quae
1137 1531 1178 1596 ab
1193 1530 1421 1612 Apostolorum
1440 1529 1531 1594 comi-

305 1617 392 1681 tibus
413 1620 445 1680 et
467 1616 670 1698 adjutoribus
693 1622 767 1680 sunt
785 1615 947 1697 profecta;
966 1617 999 1680 in
1018 1616 1123 1697 prima
1137 1623 1245 1682 autem
1261 1617 1363 1697 eatque
1378 1615 1531 1696 antiquis-

305 1701 386 1766 sima
401 1721 439 1767 ac
453 1701 676 1784 vulgatissima
691 1702 774 1767 serie
789 1707 915 1767 veteres
930 1701 1041 1782 Asiae,
1065 1701 1193 1768 Africae
1209 1707 1242 1767 et
1257 1700 1413 1766 Graeciae
1437 1700 1531 1766 eccle-

305 1788 372 1853 siae
384 1788 508 1853 nonnisi
519 1788 675 1853 rationem
687 1787 869 1853 habuerunt
881 1789 1045 1869 temporis,
1057 1806 1120 1870 quo
1133 1787 1258 1870 singrda
1271 1787 1437 1869 evangelia
1450 1785 1532 1850 edita

305 1893 376 1939 esse
399 1893 417 1939 e
439 1874 612 1939 traditione
636 1878 800 1938 noverunt.
832 1873 875 1937 Et
898 1874 1010 1939 revera
1026 1873 1191 1955 evangelia
1207 1875 1319 1938 eodem
1335 1873 1449 1938 ordine
1465 1890 1532 1936 esse

305 1960 407 2040 edita,
427 1978 490 2041 quo
506 1960 538 2024 in
554 1959 682 2024 Canone
697 1964 806 2024 nostro
822 1959 987 2041 leguntur,
1010 1959 1125 2024 Patres
1141 1964 1174 2023 et
1189 1959 1362 2040 scriptores
1379 1957 1456 2023 eccl.
1472 1957 1532 2038 pri-

304 2064 429 2110 morum
445 2045 645 2110 saeculorum
660 2045 783 2110 docent.
807 2045 860 2110 Sic
875 2045 969 2110 testis
985 2044 1227 2127 antiquissimus
1243 2064 1260 2110 e
1276 2063 1357 2109 saec.
1373 2043 1414 2107 ll.
1431 2068 1458 2106 o.
1474 2045 1532 2106 Iro-

303 2154 401 2193 naoao
423 2132 494 2195 adv.
510 2132 633 2196 haeres.
657 2130 714 2194 Ill.
737 2133 782 2210 1.‚
806 2129 880 2196 dein
905 2130 1052 2215 Orzyenes
1073 2130 1142 2196 coll.
1163 2130 1239 2195 Eus
1259 2131 1289 2195 h.
1312 2149 1337 2195 e.
1359 2129 1413 2194 Vl.
1431 2130 1483 2193 25.
1504 2133 1533 2192 et

303 2214 411 2280 homil.
429 2215 456 2280 7.
477 2216 510 2281 in
525 2217 659 2295 lsaiam,
685 2240 708 2279 s.
724 2216 926 2300 Eptpbambs
945 2216 1068 2281 haeres.
1084 2216 1134 2280 51.
1152 2221 1184 2281 et
1206 2216 1276 2296 ipse
1294 2214 1532 2279 decembrone.

305 2300 362 2365 lll.
377 2301 428 2364 24.
443 2301 505 2367 hac
519 2303 551 2365 in
567 2321 602 2366 re
618 2301 834 2380 consentiunt3
850 2301 913 2365 imo
929 2321 969 2366 ne
980 2301 1087 2366 Latini
1100 2301 1237 2382 quidem,
1255 2300 1399 2382 quamvis
1411 2299 1534 2364 ratione

303 2385 598 2452 habitaauctorum
614 2386 781 2467 dignitatis
797 2387 974 2452 ordinarint
990 2385 1163 2468 evangelia,
1179 2386 1282 2469 ignari
1298 2390 1389 2451 erant
1404 2385 1533 2463 ordinis,

305 2491 367 2552 quo
383 2477 532 2552 respectu
547 2472 701 2554 temporis
718 2491 788 2538 sese
805 2473 981 2554 excipiunt,
1005 2478 1043 2536 ut
1060 2474 1154 2538 docet
1161 2473 1382 2557 froqmarrom
1398 2471 1537 2555 cotoloqi

304 2557 445 2620 Romani
457 2557 546 2640 apud
556 2559 774 2630 Marmoreum,
791 2582 815 2620 s.
831 2557 1041 2643 Hieronymus
1056 2557 1101 2620 od
1115 2557 1311 2620 Dardanon-m
1326 2557 1363 2620 P.
1380 2556 1420 2622 al.
1437 2561 1535 2636 atque

303 2667 326 2703 o.
344 2641 541 2726 Aequoribus
557 2642 594 2705 de
610 2666 759 2706 consensa
775 2667 880 2727 cruny.
897 2644 921 2707 l.
938 2645 966 2708 3.

392 2725 533 2790 Clemens
547 2727 639 2792 Alea.
657 2728 800 2810 quidem,
825 2748 860 2794 se
874 2729 915 2793 ab
931 2728 1071 2810 antiquis
1086 2727 1284 2809 presbyteris
1300 2728 1449 2792 edoctum
1466 2745 1535 2792 esse

304 2810 484 2894 profitetur,
501 2814 681 2896 evangelia,
697 2834 781 2897 quae
796 2814 999 2897 genealogias
1016 2815 1194 2893 continent,
1210 2813 1300 2895 prius
1317 2832 1388 2878 esse
1404 2813 1533 2894 scripta,

303 2897 350 2962 ita
373 2904 408 2963 ut
427 2898 507 2963 illud
521 2901 628 2966 Lucae
648 2902 710 2966 non
731 2901 880 2980 tertium,
908 2900 965 2965 sed
981 2901 1156 2978 secundum
1171 2903 1343 2980 occuparet
1357 2898 1464 2964 locum
1479 2902 1534 2963 aut

303 2983 441 3065 primum
456 2984 588 3066 (Euseb.
604 2987 633 3050 h.
651 3005 677 3051 e.
694 2987 729 3068 6,
748 2987 824 3069 14.);
848 2991 900 3050 ast
922 2985 1021 3050 verba
1042 2986 1132 3067 ejus2
1147 3005 1209 3050 non
1225 2986 1265 3049 de
1280 2989 1424 3066 tempore
1441 3002 1533 3048 evan-

304 3069 459 3150 geliorum
483 3072 658 3151 editorum,
682 3073 739 3136 sed
761 3072 953 3152 scriptorum
973 3070 1107 3152 intelligi
1128 3075 1272 3152 possunt.
1316 3069 1359 3134 Et
1373 3068 1532 3151 profecto!

303 3155 423 3219 Lucam
437 3157 641 3238 mature‘jam
656 3158 846 3239 praecipuas
862 3156 1016 3237 evangelii
1031 3161 1141 3237 partes
1157 3158 1288 3222 chartae
1302 3155 1484 3235 mandasse,
1500 3173 1533 3218 re

304 3240 336 3304 in
353 3260 387 3306 se
402 3241 735 3323 spectatd'admodum
751 3241 917 3324 probabile
933 3246 990 3306 est.
1149 3292 1153 3300 .

388 3327 439 3392 Ad
465 3331 593 3408 tempus
614 3347 704 3409 vero,
733 3347 795 3410 quo
818 3327 881 3391 tria
904 3327 1068 3409 evangelia
1091 3327 1200 3409 priora
1223 3331 1255 3392 et
1275 3329 1349 3391 acta
1363 3325 1445 3408 App.
1471 3325 1533 3396 sint

304 3411 406 3492 edita,
432 3431 549 3494 magna
564 3412 678 3478 saltem
694 3433 765 3478 cum
779 3411 1008 3495 probabilitate
1023 3413 1314 3492 determinandum,
1340 3410 1532 3477 consulenda

304 3501 380 3561 sunt
395 3497 523 3563 criteria
538 3499 664 3564 interna
679 3505 712 3565 et
727 3497 931 3580 antiquorum
946 3499 1138 3564 testimonia.

305 3799 320 3852 l
347 3733 382 3852 89¹
393 3731 454 3866 qur.
468 3731 575 3786 Schola:
598 3732 631 3786 N.
645 3733 676 3786 T.
688 3749 793 3802 graece,
805 3734 905 3803 proleg.
918 3731 1036 3788 XXXIV
1038 3775 1052 3798 .,
1073 3734 1147 3802 Hug:
1169 3733 1325 3800 Einleitung
1337 3732 1409 3785 Part.
1423 3731 1458 3784 ΙΙ.
1471 3746 1529 3798 pag.

323 3840 328 3852 .
376 3816 417 3866 q.

373 3870 384 3902 ²
402 3865 624 3940 Hpoyrypo'upbar
637 3871 693 3924 τῶν
706 3869 874 3942 εὐαγγελίων
888 3869 921 3924 τὰ
934 3875 1102 3944 περιέχοντα
1114 3869 1162 3931 τὰς
1172 3874 1356 3942 γενεαλογίας.
