3314 5166
606 277 970 356 --101-’

141 459 250 524 -1151
266 467 340 525 sunt
356 460 504 541 editores,
521 467 558 526 ut
573 463 693 542 dicunt,
711 463 872 528 codicibus
887 486 950 544 „ea
966 463 1148 526 bibliotheca
1167 463 1361 546 5555511551(

140 541 378 626 antiquissimis,
402 548 543 612 aLeoue
558 548 596 610 X.
613 549 787 626 concessis;
812 549 868 613 sed
892 567 963 612 cum
978 549 1043 613 Leo
1063 545 1153 613 brevi
1175 554 1249 614 ante
1267 547 1362 614 finem

140 630 283 694 editionis
298 630 336 694 N.
353 631 387 695 T.
404 631 545 712 pontifex
561 638 646 698 esset
669 633 805 713 electus,
828 633 977 698 dubitare
996 633 1084 713 licet,
1109 653 1184 697 nurn
1206 635 1361 716 ejusmodi

138 715 259 781 codices
279 716 415 781 multum
442 717 505 782 5151
524 719 677 799 adhibiti,
700 720 761 784 nisi
784 718 848 783 fors
871 719 961 799 prius
977 721 1059 800 jam,
1083 737 1154 784 cum
1169 719 1234 784 Leo
1258 720 1362 785 adhuc

138 799 313 866 Cardinalis
325 809 419 882 esset,
436 804 499 868 5151
515 805 727 884 suppeditati3
744 805 816 869 deiu
832 806 918 884 quod
934 805 1078 869 codicum
1093 804 1221 869 illorum
1236 803 1363 870 circiter

136 887 251 966 decem,
270 887 324 968 qui
340 894 472 969 excepto
489 890 661 954 Rhodieusi
677 892 816 971 quodam
831 910 892 953 non
909 890 1120 968 nominantur,
1136 890 1361 970 antiquitatem

134 972 263 1052 attinet,
291 973 371 1039 haec
393 993 451 1054 pro
472 994 533 1039 usu
552 976 701 1056 loquendi
722 976 806 1040 illius
826 975 981 1056 temporis
1004 976 1136 1040 relative
1154 975 1362 1057 intelligenda

135 1063 196 1136 est3
212 1077 289 1122 nam
304 1063 411 1124 textus
427 1079 561 1142 graecus
577 1061 651 1125 talis
667 1061 834 1140 invenitur,
851 1061 905 1142 qui
920 1062 1028 1142 potius
1045 1079 1115 1126 curn
1131 1061 1361 1126 recentioribus

134 1162 151 1206 e
171 1143 300 1208 saeculo
316 1145 370 1208 IX.
394 1163 497 1227 usque
519 1148 561 1211 ad
575 1147 679 1226 Xlll.,
707 1166 803 1228 quam
826 1165 898 1211 cum
920 1147 1150 1228 antiquissimis
1175 1146 1360 1211 consentiat.

132 1227 363 1294 Nonnullorum
375 1232 558 1312 conjectura
573 1238 695 1296 textum
710 1250 861 1315 graecum
877 1232 1045 1314 eVulgata
1059 1232 1158 1296 latina
1173 1231 1214 1296 ab
1231 1232 1361 1297 editori-

132 1314 190 1378 bus
207 1334 280 1380 esse
294 1314 506 1396 immutatum,
523 1318 607 1383 omni
623 1317 828 1383 fundamento
841 1324 944 1398 caret;
960 1319 1112 1382 lectiones
1129 1317 1272 1382 codicum
1288 1337 1361 1382 suo·

133 1418 216 1479 rum,
238 1419 410 1481 quaecum
426 1402 565 1485 Vulgata
581 1405 787 1483 concordant,
811 1403 1036 1484 praeferebant
1052 1404 1196 1485 quidem;
1221 1404 1361 1484 quoties-

133 1503 256 1567 cunque
272 1506 347 1551 vero
362 1487 436 1552 illae
460 1494 569 1552 contra
584 1489 756 1570 Vulgatam
780 1490 992 1569 consentiunt,
1019 1489 1138 1555 eisdem
1161 1489 1360 1570 praerogati-

133 1589 201 1634 vam
228 1572 430 1652 tribuebant,
465 1579 501 1638 ut
527 1575 689 1639 dissensus
715 1574 865 1655 frequens
891 1580 997 1640 textus
1024 1573 1259 1656 Complutensis
1290 1593 1362 1639 cum

132 1655 271 1738 Vulgata
285 1657 463 1724 luculenter
478 1660 625 1732 ostendit.

214 1742 316 1807 Juxta
331 1743 431 1808 lineas
446 1750 553 1810 textus
573 1745 680 1826 graeci
703 1745 869 1825 spiritibus
885 1745 1022 1810 carentis
1039 1749 1071 1809 et
1088 1751 1276 1809 accentuum
1291 1744 1360 1810 loco

131 1828 243 1893 lineali
260 1828 374 1892 muniti
385 1830 489 1894 versio
504 1831 604 1894 latina
619 1831 665 1894 ita
680 1831 787 1911 posita
802 1835 860 1909 est,
876 1836 913 1894 ut
923 1848 1017 1894 voces
1032 1834 1099 1893 tam
1114 1847 1249 1910 graecae
1265 1849 1361 1910 quam

114 1931 116 1938 ⁴
132 1913 248 1978 latinae
266 1913 328 1979 sibi
343 1915 573 1994 respondentes
590 1915 701 1980 eidem
717 1916 880 1996 alphabeti
895 1915 989 1980 litera
1005 1915 1068 1978 sint
1084 1914 1285 1995 designatae;
1306 1915 1361 1979 ubi

132 1999 160 2062 in
175 2018 294 2079 graeco
311 2001 468 2079 quaedam
483 2001 615 2080 adsunt,
633 1999 749 2080 quibus
764 2002 796 2065 in
812 2001 957 2065 versione
972 1999 1072 2064 latina
1087 1999 1164 2063 nibil
1180 2000 1359 2080 respondet,

133 2083 288 2164 defectus,
315 2085 398 2150 sicut
417 2092 450 2150 et
469 2105 605 2150 vacuum
625 2086 658 2150 in
674 2084 735 2150 fine
750 2086 906 2151 linearum
922 2085 1061 2168 spatium
1076 2104 1135 2166 per
1150 2085 1253 2166 signa,
1278 2103 1360 2166 quae

132 2171 283 2252 anguium
297 2170 431 2235 formam
445 2170 587 2236 referunt
603 2172 732 2253 (mm),
749 2178 798 2237 est
813 2177 952 2236 notatus.
982 2171 1034 2235 Ad
1048 2170 1142 2235 finem
1154 2171 1299 2234 additum
1312 2175 1361 2235 est

57 2293 60 2300 ,
130 2254 246 2321 lexicon
265 2257 531 2338 graeco-latinum
546 2258 578 2322 in
593 2277 688 2329 usum
702 2258 849 2323 tironum.

211 2342 332 2406 Tomus
355 2347 477 2423 sextus,
506 2343 561 2423 qui
576 2343 613 2408 N.
631 2344 665 2409 T.
682 2342 920 2424 complectitur,
947 2342 1077 2407 titulum
1100 2341 1211 2405 habet:
1235 2340 1360 2405 Novum

133 2425 372 2492 Testamentum
401 2447 516 2509 graece
546 2435 579 2494 et
607 2429 706 2495 latine
734 2429 767 2493 in
797 2428 963 2493 academia
989 2426 1208 2508 Complutensi
1237 2425 1361 2491 noviter

133 2511 328 2593 impressum.
373 2512 508 2578 Praeter
522 2514 753 2594 praefationem
769 2533 884 2597 graeco
893 2514 1044 2578 -latinam
1059 2511 1279 2593 praemittitur
1294 2511 1366 2592 epi··

135 2597 252 2664 stolas.
270 2599 455 2680 Hieronymi
471 2601 513 2664 ad
527 2600 719 2665 Damasum:
742 2601 886 2680 „Novam
908 2599 1007 2683 opud‘
1023 2606 1098 2678 etc,
1121 2597 1253 2662 Eusebii
1270 2595 1359 2661 Caes.

136 2683 268 2764 epistola
282 2685 325 2749 ad
342 2684 535 2765 Oarpianum
551 2686 591 2750 de
607 2704 761 2752 canonum
777 2703 854 2765 usu,
878 2684 1063 2749 dissertatio
1078 2682 1221 2747 Euthalii
1236 2682 1361 2747 diaconi

136 2768 171 2832 de
192 2770 261 2835 vita
282 2770 375 2835 Pauli
389 2770 550 2851 Apostoli,
574 2771 711 2851 denique
734 2771 879 2852 synopsis
901 2771 1065 2852 isagogica
1087 2789 1111 2833 s.
1135 2768 1314 2849 scripturae
1334 2786 1358 2832 s.

137 2853 308 2920 Athanasii.
354 2856 494 2920 Transiit
513 2856 592 2921 haec
612 2861 720 2921 textus
741 2856 839 2920 editio
860 2856 892 2919 in
910 2854 1089 2936 polyglotta
1108 2853 1360 2933 Antwerpiensia

137 2939 222 3006 1569.
239 2942 320 3006 etin
335 2941 481 3007 Parisiua
497 2942 604 3006 1657.1
1275 2969 1280 2978 ⁶

215 3029 244 3091 2.
280 3027 441 3092 Edc'ttbnea
467 3027 634 3090 Deat‘dert'c'
656 3027 793 3090 Eraemc'
815 3024 1050 3103 Rotterodamt,
1080 3027 1113 3087 51
1139 3022 1267 3104 quidem
1291 3027 1359 3087 tres

138 3111 268 3194 priores,
293 3131 376 3193 quae
399 3117 474 3177 ante
496 3111 753 3193 Complutensem
773 3110 863 3176 annis
887 3111 979 3175 1516.
1005 3109 1096 3174 1519.
1120 3108 1360 3187 511522555-

139 3194 275 3279 dierunt;
300 3198 430 3262 named
446 3204 593 3277 quartam
611 3198 702 3262 1527.
722 3202 756 3274 et
773 3197 915 3279 quintam
932 3196 1023 3260 1535.
1041 3194 1108 3275 jam
1122 3194 1201 3258 haee
1216 3192 1359 3256 adhibita

140 3288 191 3345 est.
234 3285 378 3363 Erasmo,
396 3283 450 3364 qui
467 3283 623 3348 excitatus
638 3302 658 3347 a
673 3283 840 3362 Frobenio,
856 3281 1029 3362 bibliopola
1043 3279 1228 3358 Basileensi,
1244 3296 1359 3359 magna

142 3383 205 3430 curn
219 3368 424 3436 festinatione
440 3375 473 3433 et
487 3389 548 3433 555
565 3369 679 3434 minori
694 3388 792 3451 saepe
807 3368 956 3433 libertate
980 3366 1134 3431 editiones
1150 3383 1224 3428 suas
1238 3363 1358 3443 primas

140 3452 301 3520 adornavit
317 3463 349 3521 ct
363 3455 463 3520 Leoni
478 3455 515 3518 X.
532 3455 708 3534 dedicavit,
731 3454 883 3536 pauciora
907 3454 1011 3518 adhuc
1033 3456 1162 3532 praesto
1179 3454 1271 3546 erant
1285 3448 1359 3512 sub-

140 3535 229 3619 sidia,
258 3561 356 3623 quam
383 3541 559 3606 editoribus
586 3539 882 3620 complutensibus3
912 3557 984 3602 nam
1010 3556 1045 3602 se
1070 3535 1193 3600 nonnisi
1219 3552 1359 3614 quinque

140 3622 258 3693 codices
275 3627 429 3692 adhibere
443 3626 600 3707 potuisse,
616 3626 687 3707 ipse
701 3624 835 3703 fatetur,
860 3629 893 3688 51
906 3625 939 3688 hi
956 3629 1047 3688 erant
1061 3620 1253 3685 recentiores
1268 3618 1359 3717 fami-

139 3703 590 3792 115505551551155551115555.
634 3711 720 3776 Usus
744 3717 794 3776 est
814 3710 846 3773 in
870 3707 1042 3790 evangeliis
1056 3707 1229 3788 praecipue
1252 3705 1360 3770 codice

138 3788 311 3864 Basileensi
330 3799 366 3861 Β.
391 3799 444 3862 VI.
467 3798 516 3861 25.
538 3795 738 3878 (55115152),
765 3796 797 3860 15
823 3795 948 3859 actibus
974 3800 1006 3860 et
1029 3793 1062 3858 in
1085 3790 1228 3873 epistolis
1251 3791 1360 3855 codice

138 3873 312 3950 basileensi
327 3884 363 3947 Β.
379 3883 433 3947 IX.
449 3882 523 3963 (act.
540 3883 569 3946 2,
597 3882 685 3946 Paul.
702 3882 759 3963 2.),
783 3881 972 3962 quibuscum
987 3897 1211 3960 nonnunquam
1227 3875 1360 3942 contulit

138 3957 352 4035 Basileensem
367 3970 403 4033 B.
419 3970 456 4034 X.
472 3970 523 4032 20.
540 3967 614 4048 (551.
632 3974 664 4032 51
679 3968 767 4032 Paul.
782 3967 836 4048 4.),
853 3966 989 4046 denique
1004 3963 1228 4044 manuscriptis
1243 3961 1358 4025 latinis.

140 4043 237 4116 Codex
257 4054 439 4134 Reuchlini,
463 4074 480 4119 5
496 4073 558 4135 555
573 4053 773 4134 apocalypsis
788 4053 935 4116 desumta
951 4058 1016 4130 est,
1040 4071 1102 4115 nou
1123 4048 1259 4144 amplius
1275 4064 1358 4142 com-

139 4137 252 4207 narde.
297 4140 333 4204 15
361 4140 499 4204 editione
522 4139 661 4204 secunda
683 4140 746 4203 300
769 4137 895 4202 circiter
920 4137 1006 4201 locos
1029 4135 1181 4212 correxit,
1209 4137 1304 4228 etiam
1326 4149 1359 4226 15

144 4216 233 4286 tenta
251 4226 485 4304 emendationes
501 4224 655 4305 suscepit,
678 4223 880 4287 nihilominus
902 4227 1009 4287 tamen
1030 4221 1121 4285 labor
1142 4219 1209 4299 ejus
1229 4233 1359 4280 mmons

151 4309 212 4368 erat
225 4311 380 4376 momenti.
1291 4327 1294 4335 ’

149 4437 340 4460 &⁹³⁸—

230 4516 237 4544 ¹
255 4511 307 4565 Gir.
320 4515 376 4567 Der
388 4511 512 4567 Cardinal
523 4511 649 4565 Ximenes
662 4526 712 4564 von
725 4510 752 4563 C.
765 4510 790 4563 J.
803 4509 906 4576 Helele,
925 4509 1037 4574 Tubing.
1053 4505 1126 4558 1844.
1143 4519 1203 4572 pag.
1219 4502 1274 4554 120,
1289 4516 1359 4568 seqq.

152 4564 229 4639 Hujus
241 4583 370 4648 praeclari
381 4582 469 4650 operis
481 4582 566 4634 altera
578 4579 658 4633 editio
669 4578 767 4646 prodiit
779 4577 854 4632 1851.
