<?xml version="1.0" encoding="UTF-8"?>
<!DOCTYPE html PUBLIC "-//W3C//DTD XHTML 1.0 Transitional//EN"
    "http://www.w3.org/TR/xhtml1/DTD/xhtml1-transitional.dtd">
<html xmlns="http://www.w3.org/1999/xhtml" xml:lang="en" lang="en">
 <head>
  <title>
</title>
<meta http-equiv="Content-Type" content="text/html;charset=utf-8" />
  <meta name='ocr-system' content='tesseract 3.04.00' />
  <meta name='ocr-capabilities' content='ocr_page ocr_carea ocr_par ocr_line ocrx_word'/>
</head>
<body>
  <div class='ocr_page' id='page_1' title='image "./introductioinsa00gngoog_0027.png"; bbox 0 0 3356 5176; ppageno 0'>
   <div class='ocr_carea' id='block_1_1' title="bbox 0 2039 5 4872">
    <p class='ocr_par' dir='ltr' id='par_1_1' title="bbox 0 2039 5 4872">
     <span class='ocr_line' id='line_1_1' title="bbox 0 2039 5 4872; baseline 0 0"><span class='ocrx_word' id='word_1_1' title='bbox 0 2039 5 4872; x_wconf 95' lang='lat' dir='ltr'> </span> 
     </span>
    </p>
   </div>
   <div class='ocr_carea' id='block_1_2' title="bbox 801 319 1058 381">
    <p class='ocr_par' dir='ltr' id='par_1_2' title="bbox 801 319 1058 381">
     <span class='ocr_line' id='line_1_2' title="bbox 801 319 1058 381; baseline 0 -18"><span class='ocrx_word' id='word_1_2' title='bbox 801 319 1058 381; x_wconf 38' lang='lat'>“12-</span> 
     </span>
    </p>
   </div>
   <div class='ocr_carea' id='block_1_3' title="bbox 309 488 1550 3141">
    <p class='ocr_par' dir='ltr' id='par_1_3' title="bbox 320 488 1544 828">
     <span class='ocr_line' id='line_1_3' title="bbox 324 488 1544 574; baseline -0.001 -21"><span class='ocrx_word' id='word_1_3' title='bbox 324 488 362 553; x_wconf 88' lang='lat' dir='ltr'>N.</span> <span class='ocrx_word' id='word_1_4' title='bbox 379 489 424 569; x_wconf 81' lang='lat' dir='ltr'>T,</span> <span class='ocrx_word' id='word_1_5' title='bbox 449 490 503 570; x_wconf 91' lang='lat' dir='ltr'>qui</span> <span class='ocrx_word' id='word_1_6' title='bbox 519 509 634 570; x_wconf 82' lang='lat' dir='ltr'><strong>graece</strong></span> <span class='ocrx_word' id='word_1_7' title='bbox 649 492 691 554; x_wconf 90' lang='lat' dir='ltr'>ad</span> <span class='ocrx_word' id='word_1_8' title='bbox 705 509 763 555; x_wconf 94' lang='lat' dir='ltr'>nos</span> <span class='ocrx_word' id='word_1_9' title='bbox 777 495 1001 570; x_wconf 84' lang='lat' dir='ltr'>pervenerunt,</span> <span class='ocrx_word' id='word_1_10' title='bbox 1022 489 1063 554; x_wconf 90' lang='lat' dir='ltr'>ab</span> <span class='ocrx_word' id='word_1_11' title='bbox 1079 489 1200 570; x_wconf 85' lang='lat' dir='ltr'>origine</span> <span class='ocrx_word' id='word_1_12' title='bbox 1217 490 1244 553; x_wconf 88' lang='lat'>1.</span> <span class='ocrx_word' id='word_1_13' title='bbox 1258 512 1370 570; x_wconf 69' lang='lat' dir='ltr'>praem</span> <span class='ocrx_word' id='word_1_14' title='bbox 1384 491 1485 553; x_wconf 75' lang='lat' dir='ltr'>scriba·</span> <span class='ocrx_word' id='word_1_15' title='bbox 1492 513 1544 574; x_wconf 77' lang='lat' dir='ltr'>po-</span> 
     </span>
     <span class='ocr_line' id='line_1_4' title="bbox 320 575 1544 659; baseline 0.005 -24"><span class='ocrx_word' id='word_1_16' title='bbox 320 575 430 656; x_wconf 80' lang='lat' dir='ltr'>tuisse,</span> <span class='ocrx_word' id='word_1_17' title='bbox 453 575 674 659; x_wconf 82' lang='lat' dir='ltr'>intelligimus,</span> <span class='ocrx_word' id='word_1_18' title='bbox 700 577 765 640; x_wconf 91' lang='lat' dir='ltr'>sive</span> <span class='ocrx_word' id='word_1_19' title='bbox 780 575 917 640; x_wconf 89' lang='lat' dir='ltr'>lectores</span> <span class='ocrx_word' id='word_1_20' title='bbox 932 576 1066 656; x_wconf 91' lang='lat' dir='ltr'>primos,</span> <span class='ocrx_word' id='word_1_21' title='bbox 1090 575 1157 640; x_wconf 90' lang='lat' dir='ltr'>sive</span> <span class='ocrx_word' id='word_1_22' title='bbox 1172 580 1320 640; x_wconf 82' lang='lat' dir='ltr'>auctores</span> <span class='ocrx_word' id='word_1_23' title='bbox 1340 575 1428 656; x_wconf 91' lang='lat' dir='ltr'>ipsos</span> <span class='ocrx_word' id='word_1_24' title='bbox 1444 577 1544 658; x_wconf 89' lang='lat' dir='ltr'>respi-</span> 
     </span>
     <span class='ocr_line' id='line_1_5' title="bbox 322 659 1544 743; baseline 0 -17"><span class='ocrx_word' id='word_1_25' title='bbox 322 660 456 739; x_wconf 89' lang='lat' dir='ltr'>ciamus;</span> <span class='ocrx_word' id='word_1_26' title='bbox 480 679 543 741; x_wconf 91' lang='lat' dir='ltr'>eos,</span> <span class='ocrx_word' id='word_1_27' title='bbox 570 666 702 742; x_wconf 89' lang='lat' dir='ltr'>excepto</span> <span class='ocrx_word' id='word_1_28' title='bbox 727 660 890 743; x_wconf 86' lang='lat' dir='ltr'>evangelio</span> <span class='ocrx_word' id='word_1_29' title='bbox 906 661 1062 726; x_wconf 81' lang='lat' dir='ltr'>Matthaei</span> <span class='ocrx_word' id='word_1_30' title='bbox 1086 667 1119 726; x_wconf 86' lang='lat' dir='ltr'>et</span> <span class='ocrx_word' id='word_1_31' title='bbox 1132 659 1198 726; x_wconf 89' lang='lat' dir='ltr'>fors</span> <span class='ocrx_word' id='word_1_32' title='bbox 1219 662 1327 725; x_wconf 86' lang='lat' dir='ltr'>demta</span> <span class='ocrx_word' id='word_1_33' title='bbox 1348 661 1484 741; x_wconf 90' lang='lat' dir='ltr'>epistola</span> <span class='ocrx_word' id='word_1_34' title='bbox 1504 663 1544 726; x_wconf 91' lang='lat' dir='ltr'>ad</span> 
     </span>
     <span class='ocr_line' id='line_1_6' title="bbox 320 745 1457 828; baseline 0.003 -19"><span class='ocrx_word' id='word_1_35' title='bbox 320 745 495 827; x_wconf 81' lang='lat' dir='ltr'>HebranS,</span> <span class='ocrx_word' id='word_1_36' title='bbox 511 747 540 812; x_wconf 80' lang='grc'>2.</span> <span class='ocrx_word' id='word_1_37' title='bbox 556 771 664 810; x_wconf 79' lang='lat' dir='ltr'>revera</span> <span class='ocrx_word' id='word_1_38' title='bbox 677 771 790 826; x_wconf 76' lang='lat' dir='ltr'>praece</span> <span class='ocrx_word' id='word_1_39' title='bbox 805 759 951 810; x_wconf 71' lang='lat' dir='ltr'>accuratos</span> <span class='ocrx_word' id='word_1_40' title='bbox 967 769 1039 828; x_wconf 81' lang='lat' dir='ltr'>osae,</span> <span class='ocrx_word' id='word_1_41' title='bbox 1056 766 1074 812; x_wconf 82' lang='lat' dir='ltr'>e</span> <span class='ocrx_word' id='word_1_42' title='bbox 1088 746 1263 811; x_wconf 80' lang='lat' dir='ltr'>traditione</span> <span class='ocrx_word' id='word_1_43' title='bbox 1279 747 1457 812; x_wconf 84' lang='lat' dir='ltr'>edocemur.</span> 
     </span>
    </p>

    <p class='ocr_par' dir='ltr' id='par_1_4' title="bbox 320 831 1546 1170">
     <span class='ocr_line' id='line_1_7' title="bbox 407 831 1545 915; baseline 0.004 -20"><span class='ocrx_word' id='word_1_44' title='bbox 407 832 459 896; x_wconf 93' lang='lat' dir='ltr'>Ad</span> <span class='ocrx_word' id='word_1_45' title='bbox 476 833 502 896; x_wconf 90' lang='lat'>1.</span> <span class='ocrx_word' id='word_1_46' title='bbox 534 832 598 898; x_wconf 94' lang='lat' dir='ltr'>Alii</span> <span class='ocrx_word' id='word_1_47' title='bbox 612 833 650 897; x_wconf 90' lang='lat' dir='ltr'>N.</span> <span class='ocrx_word' id='word_1_48' title='bbox 667 832 701 896; x_wconf 88' lang='lat' dir='ltr'>T.</span> <span class='ocrx_word' id='word_1_49' title='bbox 723 833 797 897; x_wconf 88' lang='lat' dir='ltr'>libri</span> <span class='ocrx_word' id='word_1_50' title='bbox 816 832 903 915; x_wconf 89' lang='lat' dir='ltr'>iique</span> <span class='ocrx_word' id='word_1_51' title='bbox 920 833 1014 914; x_wconf 93' lang='lat' dir='ltr'>longe</span> <span class='ocrx_word' id='word_1_52' title='bbox 1028 831 1158 912; x_wconf 87' lang='lat' dir='ltr'>plurimi</span> <span class='ocrx_word' id='word_1_53' title='bbox 1174 833 1326 896; x_wconf 89' lang='lat' dir='ltr'>destinati</span> <span class='ocrx_word' id='word_1_54' title='bbox 1342 839 1434 898; x_wconf 88' lang='lat' dir='ltr'>erant</span> <span class='ocrx_word' id='word_1_55' title='bbox 1446 832 1545 900; x_wconf 87' lang='lat' dir='ltr'>lecto-</span> 
     </span>
     <span class='ocr_line' id='line_1_8' title="bbox 320 917 1546 999; baseline 0.002 -18"><span class='ocrx_word' id='word_1_56' title='bbox 320 917 409 982; x_wconf 86' lang='lat' dir='ltr'>ribus</span> <span class='ocrx_word' id='word_1_57' title='bbox 424 918 562 998; x_wconf 90' lang='lat' dir='ltr'>graecis,</span> <span class='ocrx_word' id='word_1_58' title='bbox 586 919 641 984; x_wconf 90' lang='lat' dir='ltr'>alii</span> <span class='ocrx_word' id='word_1_59' title='bbox 655 919 795 984; x_wconf 88' lang='lat' dir='ltr'>romanis</span> <span class='ocrx_word' id='word_1_60' title='bbox 810 924 866 982; x_wconf 92' lang='lat' dir='ltr'>aut</span> <span class='ocrx_word' id='word_1_61' title='bbox 880 919 982 998; x_wconf 89' lang='lat' dir='ltr'>italis,</span> <span class='ocrx_word' id='word_1_62' title='bbox 1006 917 1059 982; x_wconf 90' lang='lat' dir='ltr'>alii</span> <span class='ocrx_word' id='word_1_63' title='bbox 1074 917 1372 999; x_wconf 88' lang='lat' dir='ltr'>palaestinensibus.</span> <span class='ocrx_word' id='word_1_64' title='bbox 1413 919 1546 984; x_wconf 87' lang='lat' dir='ltr'>Nonnisi</span> 
     </span>
     <span class='ocr_line' id='line_1_9' title="bbox 320 1003 1545 1086; baseline 0.002 -19"><span class='ocrx_word' id='word_1_65' title='bbox 320 1003 361 1068; x_wconf 94' lang='lat' dir='ltr'>de</span> <span class='ocrx_word' id='word_1_66' title='bbox 382 1003 446 1067; x_wconf 93' lang='lat' dir='ltr'>illis</span> <span class='ocrx_word' id='word_1_67' title='bbox 469 1005 689 1084; x_wconf 88' lang='lat' dir='ltr'>quaestionem</span> <span class='ocrx_word' id='word_1_68' title='bbox 711 1004 831 1069; x_wconf 85' lang='lat' dir='ltr'>moveri</span> <span class='ocrx_word' id='word_1_69' title='bbox 852 1023 948 1084; x_wconf 90' lang='lat' dir='ltr'>posse</span> <span class='ocrx_word' id='word_1_70' title='bbox 962 1003 1136 1069; x_wconf 84' lang='lat' dir='ltr'>lectoribus</span> <span class='ocrx_word' id='word_1_71' title='bbox 1151 1003 1305 1068; x_wconf 92' lang='lat' dir='ltr'>librorum</span> <span class='ocrx_word' id='word_1_72' title='bbox 1319 1003 1358 1068; x_wconf 90' lang='lat' dir='ltr'>N.</span> <span class='ocrx_word' id='word_1_73' title='bbox 1375 1003 1409 1068; x_wconf 89' lang='lat' dir='ltr'>T.</span> <span class='ocrx_word' id='word_1_74' title='bbox 1425 1005 1545 1086; x_wconf 88' lang='lat' dir='ltr'>primis,</span> 
     </span>
     <span class='ocr_line' id='line_1_10' title="bbox 322 1089 1471 1170; baseline 0.002 -18"><span class='ocrx_word' id='word_1_75' title='bbox 322 1089 376 1169; x_wconf 91' lang='lat' dir='ltr'>qui</span> <span class='ocrx_word' id='word_1_76' title='bbox 392 1093 448 1153; x_wconf 90' lang='lat' dir='ltr'>aut</span> <span class='ocrx_word' id='word_1_77' title='bbox 463 1089 571 1168; x_wconf 74' lang='lat' dir='ltr'>latini,</span> <span class='ocrx_word' id='word_1_78' title='bbox 587 1094 644 1154; x_wconf 90' lang='lat' dir='ltr'>aut</span> <span class='ocrx_word' id='word_1_79' title='bbox 658 1090 818 1155; x_wconf 75' lang='lat' dir='ltr'>aramaica</span> <span class='ocrx_word' id='word_1_80' title='bbox 832 1090 1007 1155; x_wconf 89' lang='lat' dir='ltr'>utebantur</span> <span class='ocrx_word' id='word_1_81' title='bbox 1020 1089 1200 1169; x_wconf 76' lang='lat' dir='ltr'>vernacula</span> <span class='ocrx_word' id='word_1_82' title='bbox 1215 1107 1268 1154; x_wconf 89' lang='lat' dir='ltr'>res</span> <span class='ocrx_word' id='word_1_83' title='bbox 1281 1089 1353 1170; x_wconf 90' lang='lat' dir='ltr'>ipsa</span> <span class='ocrx_word' id='word_1_84' title='bbox 1368 1091 1471 1156; x_wconf 82' lang='lat' dir='ltr'>docet.</span> 
     </span>
    </p>

    <p class='ocr_par' dir='ltr' id='par_1_5' title="bbox 320 1174 1548 1837">
     <span class='ocr_line' id='line_1_11' title="bbox 406 1174 1548 1257; baseline 0.002 -19"><span class='ocrx_word' id='word_1_85' title='bbox 406 1174 499 1251; x_wconf 84' lang='lat' dir='ltr'>Quod</span> <span class='ocrx_word' id='word_1_86' title='bbox 518 1175 585 1257; x_wconf 80' lang='lat' dir='ltr'>jan]</span> <span class='ocrx_word' id='word_1_87' title='bbox 608 1175 732 1257; x_wconf 88' lang='lat' dir='ltr'>priores</span> <span class='ocrx_word' id='word_1_88' title='bbox 752 1176 877 1255; x_wconf 85' lang='lat' dir='ltr'>attinet,</span> <span class='ocrx_word' id='word_1_89' title='bbox 901 1195 919 1240; x_wconf 87' lang='lat' dir='ltr'>e</span> <span class='ocrx_word' id='word_1_90' title='bbox 941 1175 1132 1240; x_wconf 88' lang='lat' dir='ltr'>testimoniis</span> <span class='ocrx_word' id='word_1_91' title='bbox 1149 1174 1317 1255; x_wconf 77' lang='lat' dir='ltr'>Oz’ceroab,</span> <span class='ocrx_word' id='word_1_92' title='bbox 1340 1175 1475 1238; x_wconf 75' lang='lat' dir='ltr'>Horatii</span> <span class='ocrx_word' id='word_1_93' title='bbox 1482 1182 1493 1219; x_wconf 89' lang='lat'>1</span> <span class='ocrx_word' id='word_1_94' title='bbox 1516 1181 1548 1240; x_wconf 90' lang='lat' dir='ltr'>et</span> 
     </span>
     <span class='ocr_line' id='line_1_12' title="bbox 320 1260 1547 1343; baseline 0.005 -24"><span class='ocrx_word' id='word_1_95' title='bbox 320 1261 504 1322; x_wconf 64' lang='lat' dir='ltr'>Jneeaabar</span> <span class='ocrx_word' id='word_1_96' title='bbox 520 1266 655 1341; x_wconf 88' lang='lat' dir='ltr'>constat,</span> <span class='ocrx_word' id='word_1_97' title='bbox 677 1261 805 1343; x_wconf 89' lang='lat' dir='ltr'>linguae</span> <span class='ocrx_word' id='word_1_98' title='bbox 820 1280 956 1343; x_wconf 84' lang='lat' dir='ltr'>graecae</span> <span class='ocrx_word' id='word_1_99' title='bbox 971 1261 1182 1342; x_wconf 89' lang='lat' dir='ltr'>cognitionem</span> <span class='ocrx_word' id='word_1_100' title='bbox 1196 1264 1305 1326; x_wconf 88' lang='lat' dir='ltr'>aetate</span> <span class='ocrx_word' id='word_1_101' title='bbox 1319 1260 1547 1343; x_wconf 85' lang='lat' dir='ltr'>Apostolorum</span> 
     </span>
     <span class='ocr_line' id='line_1_13' title="bbox 321 1344 1547 1429; baseline 0.003 -21"><span class='ocrx_word' id='word_1_102' title='bbox 321 1346 442 1410; x_wconf 87' lang='lat' dir='ltr'>Romae</span> <span class='ocrx_word' id='word_1_103' title='bbox 457 1347 538 1411; x_wconf 92' lang='lat' dir='ltr'>adeo</span> <span class='ocrx_word' id='word_1_104' title='bbox 553 1345 652 1412; x_wconf 83' lang='lat' dir='ltr'>hrisse</span> <span class='ocrx_word' id='word_1_105' title='bbox 666 1346 841 1429; x_wconf 84' lang='lat' dir='ltr'>vulgarem,</span> <span class='ocrx_word' id='word_1_106' title='bbox 864 1351 902 1411; x_wconf 91' lang='lat' dir='ltr'>ut</span> <span class='ocrx_word' id='word_1_107' title='bbox 916 1346 967 1412; x_wconf 84' lang='lat' dir='ltr'>vel</span> <span class='ocrx_word' id='word_1_108' title='bbox 982 1348 1024 1411; x_wconf 93' lang='lat' dir='ltr'>ad</span> <span class='ocrx_word' id='word_1_109' title='bbox 1039 1346 1201 1412; x_wconf 91' lang='lat' dir='ltr'>hominum</span> <span class='ocrx_word' id='word_1_110' title='bbox 1215 1344 1343 1412; x_wconf 88' lang='lat' dir='ltr'>infimae</span> <span class='ocrx_word' id='word_1_111' title='bbox 1358 1347 1547 1412; x_wconf 90' lang='lat' dir='ltr'>conditionis</span> 
     </span>
     <span class='ocr_line' id='line_1_14' title="bbox 321 1429 1547 1515; baseline 0.003 -22"><span class='ocrx_word' id='word_1_112' title='bbox 321 1429 440 1495; x_wconf 86' lang='lat' dir='ltr'>classes</span> <span class='ocrx_word' id='word_1_113' title='bbox 455 1433 681 1512; x_wconf 84' lang='lat' dir='ltr'>penetraverit,</span> <span class='ocrx_word' id='word_1_114' title='bbox 699 1438 731 1498; x_wconf 93' lang='lat' dir='ltr'>et</span> <span class='ocrx_word' id='word_1_115' title='bbox 745 1433 778 1497; x_wconf 92' lang='lat' dir='ltr'>in</span> <span class='ocrx_word' id='word_1_116' title='bbox 792 1433 872 1515; x_wconf 93' lang='lat' dir='ltr'>ipsis</span> <span class='ocrx_word' id='word_1_117' title='bbox 888 1433 988 1498; x_wconf 90' lang='lat' dir='ltr'>servis</span> <span class='ocrx_word' id='word_1_118' title='bbox 1003 1433 1277 1511; x_wconf 79' lang='lat' dir='ltr'>desideraretur3³</span> <span class='ocrx_word' id='word_1_119' title='bbox 1293 1450 1392 1513; x_wconf 91' lang='lat' dir='ltr'>quare</span> <span class='ocrx_word' id='word_1_120' title='bbox 1407 1438 1441 1498; x_wconf 87' lang='lat' dir='ltr'>et</span> <span class='ocrx_word' id='word_1_121' title='bbox 1456 1432 1478 1497; x_wconf 86' lang='lat' dir='ltr'><strong>J</strong></span> <span class='ocrx_word' id='word_1_122' title='bbox 1479 1451 1547 1497; x_wconf 89' lang='lat' dir='ltr'>ose-</span> 
     </span>
     <span class='ocr_line' id='line_1_15' title="bbox 321 1515 1548 1600; baseline 0.004 -22"><span class='ocrx_word' id='word_1_123' title='bbox 321 1515 404 1596; x_wconf 90' lang='lat' dir='ltr'>phus</span> <span class='ocrx_word' id='word_1_124' title='bbox 419 1517 466 1581; x_wconf 87' lang='lat' dir='ltr'>Fl.</span> <span class='ocrx_word' id='word_1_125' title='bbox 482 1537 580 1598; x_wconf 90' lang='lat' dir='ltr'>opera</span> <span class='ocrx_word' id='word_1_126' title='bbox 596 1519 701 1583; x_wconf 88' lang='lat' dir='ltr'>suain</span> <span class='ocrx_word' id='word_1_127' title='bbox 716 1537 810 1584; x_wconf 89' lang='lat' dir='ltr'>usum</span> <span class='ocrx_word' id='word_1_128' title='bbox 822 1519 1036 1584; x_wconf 85' lang='lat' dir='ltr'>Romanorum</span> <span class='ocrx_word' id='word_1_129' title='bbox 1053 1523 1085 1583; x_wconf 92' lang='lat' dir='ltr'>et</span> <span class='ocrx_word' id='word_1_130' title='bbox 1097 1518 1293 1584; x_wconf 87' lang='lat' dir='ltr'>Graecorum</span> <span class='ocrx_word' id='word_1_131' title='bbox 1308 1537 1423 1600; x_wconf 87' lang='lat' dir='ltr'>graece</span> <span class='ocrx_word' id='word_1_132' title='bbox 1438 1537 1548 1583; x_wconf 87' lang='lat' dir='ltr'>exara-</span> 
     </span>
     <span class='ocr_line' id='line_1_16' title="bbox 320 1602 1547 1687; baseline 0.003 -23"><span class='ocrx_word' id='word_1_133' title='bbox 320 1602 376 1680; x_wconf 88' lang='lat' dir='ltr'>vit,</span> <span class='ocrx_word' id='word_1_134' title='bbox 401 1606 434 1666; x_wconf 90' lang='lat' dir='ltr'>et</span> <span class='ocrx_word' id='word_1_135' title='bbox 454 1621 478 1667; x_wconf 91' lang='lat' dir='ltr'>s.</span> <span class='ocrx_word' id='word_1_136' title='bbox 495 1603 639 1685; x_wconf 86' lang='lat' dir='ltr'>Ignatius</span> <span class='ocrx_word' id='word_1_137' title='bbox 655 1605 780 1686; x_wconf 92' lang='lat' dir='ltr'>Martyr</span> <span class='ocrx_word' id='word_1_138' title='bbox 800 1623 949 1687; x_wconf 86' lang='lat' dir='ltr'>graecam</span> <span class='ocrx_word' id='word_1_139' title='bbox 973 1607 1015 1669; x_wconf 93' lang='lat' dir='ltr'>ad</span> <span class='ocrx_word' id='word_1_140' title='bbox 1030 1606 1190 1669; x_wconf 88' lang='lat' dir='ltr'>Romanos</span> <span class='ocrx_word' id='word_1_141' title='bbox 1213 1604 1342 1686; x_wconf 89' lang='lat' dir='ltr'>scripsit</span> <span class='ocrx_word' id='word_1_142' title='bbox 1364 1604 1547 1685; x_wconf 81' lang='lat' dir='ltr'>epistolam3</span> 
     </span>
     <span class='ocr_line' id='line_1_17' title="bbox 320 1686 1547 1772; baseline 0.003 -22"><span class='ocrx_word' id='word_1_143' title='bbox 320 1686 393 1752; x_wconf 90' lang='lat' dir='ltr'>hinc</span> <span class='ocrx_word' id='word_1_144' title='bbox 409 1688 505 1753; x_wconf 90' lang='lat' dir='ltr'>etiam</span> <span class='ocrx_word' id='word_1_145' title='bbox 521 1708 630 1772; x_wconf 88' lang='lat' dir='ltr'>evang.</span> <span class='ocrx_word' id='word_1_146' title='bbox 646 1691 748 1755; x_wconf 89' lang='lat' dir='ltr'>Marci</span> <span class='ocrx_word' id='word_1_147' title='bbox 769 1696 802 1755; x_wconf 93' lang='lat' dir='ltr'>et</span> <span class='ocrx_word' id='word_1_148' title='bbox 823 1690 960 1772; x_wconf 89' lang='lat' dir='ltr'>epistola</span> <span class='ocrx_word' id='word_1_149' title='bbox 979 1691 1021 1754; x_wconf 89' lang='lat' dir='ltr'>ad</span> <span class='ocrx_word' id='word_1_150' title='bbox 1036 1691 1196 1756; x_wconf 89' lang='lat' dir='ltr'>Romanos</span> <span class='ocrx_word' id='word_1_151' title='bbox 1216 1709 1331 1772; x_wconf 83' lang='lat' dir='ltr'>graece</span> <span class='ocrx_word' id='word_1_152' title='bbox 1346 1689 1442 1756; x_wconf 88' lang='lat' dir='ltr'>scribi</span> <span class='ocrx_word' id='word_1_153' title='bbox 1456 1695 1547 1771; x_wconf 79' lang='lat' dir='ltr'>potc-</span> 
     </span>
     <span class='ocr_line' id='line_1_18' title="bbox 321 1776 402 1837; baseline 0.012 -1"><span class='ocrx_word' id='word_1_154' title='bbox 321 1776 402 1837; x_wconf 89' lang='lat' dir='ltr'>rant.</span> 
     </span>
    </p>

    <p class='ocr_par' dir='ltr' id='par_1_6' title="bbox 321 1857 1549 2026">
     <span class='ocr_line' id='line_1_19' title="bbox 405 1857 1549 1944; baseline 0.003 -22"><span class='ocrx_word' id='word_1_155' title='bbox 405 1857 540 1922; x_wconf 58' lang='lat' dir='ltr'>&lt;Iudaeis</span> <span class='ocrx_word' id='word_1_156' title='bbox 554 1859 844 1924; x_wconf 69' lang='lat' dir='ltr'>Palamabmsr‘bor</span> <span class='ocrx_word' id='word_1_157' title='bbox 858 1881 921 1926; x_wconf 92' lang='lat' dir='ltr'>non</span> <span class='ocrx_word' id='word_1_158' title='bbox 936 1865 1061 1926; x_wconf 90' lang='lat' dir='ltr'>tanturn</span> <span class='ocrx_word' id='word_1_159' title='bbox 1076 1860 1200 1926; x_wconf 89' lang='lat' dir='ltr'>occasio</span> <span class='ocrx_word' id='word_1_160' title='bbox 1216 1865 1287 1927; x_wconf 90' lang='lat' dir='ltr'>erat</span> <span class='ocrx_word' id='word_1_161' title='bbox 1301 1860 1442 1942; x_wconf 90' lang='lat' dir='ltr'>linguam</span> <span class='ocrx_word' id='word_1_162' title='bbox 1457 1879 1549 1944; x_wconf 88' lang='lat' dir='ltr'>grae-</span> 
     </span>
     <span class='ocr_line' id='line_1_20' title="bbox 321 1945 1085 2026; baseline 0.003 -18"><span class='ocrx_word' id='word_1_163' title='bbox 321 1962 390 2008; x_wconf 88' lang='lat' dir='ltr'>cam</span> <span class='ocrx_word' id='word_1_164' title='bbox 406 1945 600 2026; x_wconf 88' lang='lat' dir='ltr'>addiscendi,</span> <span class='ocrx_word' id='word_1_165' title='bbox 617 1947 674 2011; x_wconf 90' lang='lat' dir='ltr'>sed</span> <span class='ocrx_word' id='word_1_166' title='bbox 689 1945 783 2026; x_wconf 87' lang='lat' dir='ltr'>plane</span> <span class='ocrx_word' id='word_1_167' title='bbox 797 1947 989 2026; x_wconf 88' lang='lat' dir='ltr'>necessitas;</span> <span class='ocrx_word' id='word_1_168' title='bbox 1012 1966 1085 2012; x_wconf 93' lang='lat' dir='ltr'>nam</span> 
     </span>
    </p>

    <p class='ocr_par' dir='ltr' id='par_1_7' title="bbox 320 2031 1549 2282">
     <span class='ocr_line' id='line_1_21' title="bbox 409 2031 1548 2113; baseline 0.003 -20"><span class='ocrx_word' id='word_1_169' title='bbox 409 2032 435 2094; x_wconf 92' lang='lat'>1.</span> <span class='ocrx_word' id='word_1_170' title='bbox 458 2031 533 2096; x_wconf 91' lang='lat' dir='ltr'>inde</span> <span class='ocrx_word' id='word_1_171' title='bbox 548 2051 567 2096; x_wconf 93' lang='lat' dir='ltr'>a</span> <span class='ocrx_word' id='word_1_172' title='bbox 586 2051 668 2098; x_wconf 89' lang='lat' dir='ltr'>saec.</span> <span class='ocrx_word' id='word_1_173' title='bbox 684 2033 738 2097; x_wconf 90' lang='lat' dir='ltr'>IV.</span> <span class='ocrx_word' id='word_1_174' title='bbox 754 2037 829 2098; x_wconf 90' lang='lat' dir='ltr'>ante</span> <span class='ocrx_word' id='word_1_175' title='bbox 845 2033 1017 2112; x_wconf 84' lang='lat' dir='ltr'>Christum,</span> <span class='ocrx_word' id='word_1_176' title='bbox 1042 2051 1105 2113; x_wconf 88' lang='lat' dir='ltr'>quo</span> <span class='ocrx_word' id='word_1_177' title='bbox 1121 2031 1326 2097; x_wconf 89' lang='lat' dir='ltr'>Palaestinae</span> <span class='ocrx_word' id='word_1_178' title='bbox 1340 2051 1399 2113; x_wconf 84' lang='lat' dir='ltr'>per</span> <span class='ocrx_word' id='word_1_179' title='bbox 1412 2031 1548 2098; x_wconf 84' lang='lat' dir='ltr'>Alexan-</span> 
     </span>
     <span class='ocr_line' id='line_1_22' title="bbox 320 2116 1549 2198; baseline 0.001 -19"><span class='ocrx_word' id='word_1_180' title='bbox 320 2117 415 2180; x_wconf 91' lang='lat' dir='ltr'>drum</span> <span class='ocrx_word' id='word_1_181' title='bbox 430 2116 472 2179; x_wconf 91' lang='lat' dir='ltr'>M.</span> <span class='ocrx_word' id='word_1_182' title='bbox 497 2118 605 2198; x_wconf 90' lang='lat' dir='ltr'>graeci</span> <span class='ocrx_word' id='word_1_183' title='bbox 626 2116 744 2182; x_wconf 87' lang='lat' dir='ltr'>milites</span> <span class='ocrx_word' id='word_1_184' title='bbox 766 2118 848 2183; x_wconf 90' lang='lat' dir='ltr'>illati</span> <span class='ocrx_word' id='word_1_185' title='bbox 872 2124 955 2198; x_wconf 89' lang='lat' dir='ltr'>sunt,</span> <span class='ocrx_word' id='word_1_186' title='bbox 979 2118 1237 2184; x_wconf 89' lang='lat' dir='ltr'>Palaestinenses</span> <span class='ocrx_word' id='word_1_187' title='bbox 1259 2118 1293 2182; x_wconf 92' lang='lat' dir='ltr'>in</span> <span class='ocrx_word' id='word_1_188' title='bbox 1316 2117 1446 2182; x_wconf 88' lang='lat' dir='ltr'>arctiori</span> <span class='ocrx_word' id='word_1_189' title='bbox 1468 2137 1549 2183; x_wconf 81' lang='lat' dir='ltr'>nexu</span> 
     </span>
     <span class='ocr_line' id='line_1_23' title="bbox 321 2200 1125 2282; baseline 0.004 -17"><span class='ocrx_word' id='word_1_190' title='bbox 321 2200 491 2266; x_wconf 89' lang='lat' dir='ltr'>manebant</span> <span class='ocrx_word' id='word_1_191' title='bbox 507 2222 580 2267; x_wconf 90' lang='lat' dir='ltr'>curn</span> <span class='ocrx_word' id='word_1_192' title='bbox 595 2202 741 2282; x_wconf 82' lang='lat' dir='ltr'>Graecis3</span> <span class='ocrx_word' id='word_1_193' title='bbox 758 2204 876 2268; x_wconf 91' lang='lat' dir='ltr'>etenim</span> <span class='ocrx_word' id='word_1_194' title='bbox 891 2208 976 2270; x_wconf 88' lang='lat' dir='ltr'>teste</span> <span class='ocrx_word' id='word_1_195' title='bbox 990 2204 1125 2269; x_wconf 90' lang='lat' dir='ltr'>historia</span> 
     </span>
    </p>

    <p class='ocr_par' dir='ltr' id='par_1_8' title="bbox 309 2286 1550 2795">
     <span class='ocr_line' id='line_1_24' title="bbox 407 2286 1549 2371; baseline 0.005 -23"><span class='ocrx_word' id='word_1_196' title='bbox 407 2286 441 2368; x_wconf 82' lang='lat' dir='ltr'>a)</span> <span class='ocrx_word' id='word_1_197' title='bbox 464 2287 496 2350; x_wconf 95' lang='lat' dir='ltr'>in</span> <span class='ocrx_word' id='word_1_198' title='bbox 511 2287 683 2352; x_wconf 84' lang='lat' dir='ltr'>Alexandri</span> <span class='ocrx_word' id='word_1_199' title='bbox 699 2289 840 2354; x_wconf 85' lang='lat' dir='ltr'>exercitu</span> <span class='ocrx_word' id='word_1_200' title='bbox 855 2308 970 2371; x_wconf 90' lang='lat' dir='ltr'>graeco</span> <span class='ocrx_word' id='word_1_201' title='bbox 986 2289 1071 2354; x_wconf 87' lang='lat'>8000</span> <span class='ocrx_word' id='word_1_202' title='bbox 1085 2289 1106 2354; x_wconf 89' lang='lat' dir='ltr'>J</span> <span class='ocrx_word' id='word_1_203' title='bbox 1107 2290 1283 2357; x_wconf 87' lang='lat' dir='ltr'>udaeorum</span> <span class='ocrx_word' id='word_1_204' title='bbox 1296 2286 1464 2370; x_wconf 89' lang='lat' dir='ltr'>&#39;stipendia</span> <span class='ocrx_word' id='word_1_205' title='bbox 1486 2308 1549 2354; x_wconf 89' lang='lat' dir='ltr'>rne-</span> 
     </span>
     <span class='ocr_line' id='line_1_25' title="bbox 321 2373 1549 2458; baseline 0.004 -23"><span class='ocrx_word' id='word_1_206' title='bbox 321 2377 464 2452; x_wconf 87' lang='lat' dir='ltr'>ruerunt,</span> <span class='ocrx_word' id='word_1_207' title='bbox 482 2392 583 2455; x_wconf 94' lang='lat' dir='ltr'>eoque</span> <span class='ocrx_word' id='word_1_208' title='bbox 598 2378 724 2440; x_wconf 92' lang='lat' dir='ltr'>mortuo</span> <span class='ocrx_word' id='word_1_209' title='bbox 739 2373 868 2456; x_wconf 89' lang='lat' dir='ltr'>linguae</span> <span class='ocrx_word' id='word_1_210' title='bbox 882 2393 1019 2457; x_wconf 87' lang='lat' dir='ltr'>graecae</span> <span class='ocrx_word' id='word_1_211' title='bbox 1033 2375 1213 2458; x_wconf 90' lang='lat' dir='ltr'>cognitione</span> <span class='ocrx_word' id='word_1_212' title='bbox 1227 2374 1343 2440; x_wconf 90' lang='lat' dir='ltr'>imbuti</span> <span class='ocrx_word' id='word_1_213' title='bbox 1357 2376 1489 2441; x_wconf 89' lang='lat' dir='ltr'>domum</span> <span class='ocrx_word' id='word_1_214' title='bbox 1501 2393 1549 2440; x_wconf 87' lang='lat' dir='ltr'>re-</span> 
     </span>
     <span class='ocr_line' id='line_1_26' title="bbox 320 2458 508 2538; baseline 0.005 -16"><span class='ocrx_word' id='word_1_215' title='bbox 320 2458 405 2522; x_wconf 86' lang='lat' dir='ltr'>versi</span> <span class='ocrx_word' id='word_1_216' title='bbox 420 2464 508 2538; x_wconf 84' lang='lat' dir='ltr'>sunt3</span> 
     </span>
     <span class='ocr_line' id='line_1_27' title="bbox 309 2544 1550 2628; baseline 0.003 -22"><span class='ocrx_word' id='word_1_217' title='bbox 309 2588 312 2592; x_wconf 27' lang='lat'><strong>⁴</strong></span> <span class='ocrx_word' id='word_1_218' title='bbox 407 2544 439 2625; x_wconf 83' lang='lat' dir='ltr'>b)</span> <span class='ocrx_word' id='word_1_219' title='bbox 461 2544 494 2608; x_wconf 95' lang='lat' dir='ltr'>in</span> <span class='ocrx_word' id='word_1_220' title='bbox 516 2544 617 2624; x_wconf 82' lang='lat' dir='ltr'>beffis,</span> <span class='ocrx_word' id='word_1_221' title='bbox 642 2544 759 2626; x_wconf 90' lang='lat' dir='ltr'>quibus</span> <span class='ocrx_word' id='word_1_222' title='bbox 781 2550 855 2626; x_wconf 90' lang='lat' dir='ltr'>post</span> <span class='ocrx_word' id='word_1_223' title='bbox 876 2545 1049 2611; x_wconf 82' lang='lat' dir='ltr'>Alexandri</span> <span class='ocrx_word' id='word_1_224' title='bbox 1073 2550 1208 2611; x_wconf 89' lang='lat' dir='ltr'>mortem</span> <span class='ocrx_word' id='word_1_225' title='bbox 1222 2545 1363 2628; x_wconf 88' lang='lat' dir='ltr'>Aegypti</span> <span class='ocrx_word' id='word_1_226' title='bbox 1385 2564 1423 2610; x_wconf 91' lang='lat' dir='ltr'>ac</span> <span class='ocrx_word' id='word_1_227' title='bbox 1438 2545 1550 2626; x_wconf 86' lang='lat' dir='ltr'>Syriae</span> 
     </span>
     <span class='ocr_line' id='line_1_28' title="bbox 323 2629 1550 2715; baseline 0.002 -21"><span class='ocrx_word' id='word_1_228' title='bbox 323 2647 416 2711; x_wconf 88' lang='lat' dir='ltr'>reges</span> <span class='ocrx_word' id='word_1_229' title='bbox 433 2631 581 2695; x_wconf 91' lang='lat' dir='ltr'>continuo</span> <span class='ocrx_word' id='word_1_230' title='bbox 596 2629 664 2696; x_wconf 87' lang='lat' dir='ltr'>iere</span> <span class='ocrx_word' id='word_1_231' title='bbox 679 2630 900 2713; x_wconf 86' lang='lat' dir='ltr'>confligebant,</span> <span class='ocrx_word' id='word_1_232' title='bbox 916 2631 1101 2698; x_wconf 86' lang='lat' dir='ltr'>Palaestina</span> <span class='ocrx_word' id='word_1_233' title='bbox 1114 2651 1174 2715; x_wconf 91' lang='lat' dir='ltr'>per</span> <span class='ocrx_word' id='word_1_234' title='bbox 1187 2631 1316 2714; x_wconf 90' lang='lat' dir='ltr'>longam</span> <span class='ocrx_word' id='word_1_235' title='bbox 1331 2650 1487 2696; x_wconf 91' lang='lat' dir='ltr'>annorum</span> <span class='ocrx_word' id='word_1_236' title='bbox 1503 2649 1550 2697; x_wconf 87' lang='lat' dir='ltr'>se·</span> 
     </span>
     <span class='ocr_line' id='line_1_29' title="bbox 323 2715 827 2795; baseline 0.006 -16"><span class='ocrx_word' id='word_1_237' title='bbox 323 2715 401 2780; x_wconf 87' lang='lat' dir='ltr'>riem</span> <span class='ocrx_word' id='word_1_238' title='bbox 415 2715 491 2780; x_wconf 90' lang='lat' dir='ltr'>belli</span> <span class='ocrx_word' id='word_1_239' title='bbox 507 2716 669 2781; x_wconf 88' lang='lat' dir='ltr'>theatrum</span> <span class='ocrx_word' id='word_1_240' title='bbox 684 2721 768 2795; x_wconf 90' lang='lat' dir='ltr'>erat;</span> <span class='ocrx_word' id='word_1_241' title='bbox 825 2778 827 2782; x_wconf 87' lang='lat'>.</span> 
     </span>
    </p>

    <p class='ocr_par' dir='ltr' id='par_1_9' title="bbox 322 2801 1550 3141">
     <span class='ocr_line' id='line_1_30' title="bbox 409 2801 1550 2884; baseline 0.001 -20"><span class='ocrx_word' id='word_1_242' title='bbox 409 2801 438 2881; x_wconf 84' lang='lat' dir='ltr'>o)</span> <span class='ocrx_word' id='word_1_243' title='bbox 464 2803 525 2865; x_wconf 79' lang='lat'>120</span> <span class='ocrx_word' id='word_1_244' title='bbox 548 2802 647 2866; x_wconf 90' lang='lat' dir='ltr'>millia</span> <span class='ocrx_word' id='word_1_245' title='bbox 669 2801 867 2867; x_wconf 83' lang='lat' dir='ltr'>Judaeomm</span> <span class='ocrx_word' id='word_1_246' title='bbox 888 2802 1032 2884; x_wconf 88' lang='lat' dir='ltr'>palaest,</span> <span class='ocrx_word' id='word_1_247' title='bbox 1055 2821 1076 2867; x_wconf 92' lang='lat' dir='ltr'>a</span> <span class='ocrx_word' id='word_1_248' title='bbox 1097 2801 1291 2868; x_wconf 91' lang='lat' dir='ltr'>Ptolomaeis</span> <span class='ocrx_word' id='word_1_249' title='bbox 1313 2803 1346 2866; x_wconf 95' lang='lat' dir='ltr'>in</span> <span class='ocrx_word' id='word_1_250' title='bbox 1367 2802 1550 2884; x_wconf 90' lang='lat' dir='ltr'>Aegyptum</span> 
     </span>
     <span class='ocr_line' id='line_1_31' title="bbox 324 2887 1550 2971; baseline 0.001 -21"><span class='ocrx_word' id='word_1_251' title='bbox 324 2888 462 2967; x_wconf 73' lang='lat' dir='ltr'>captiva,</span> <span class='ocrx_word' id='word_1_252' title='bbox 476 2888 625 2968; x_wconf 90' lang='lat' dir='ltr'>abducta,</span> <span class='ocrx_word' id='word_1_253' title='bbox 648 2906 668 2952; x_wconf 93' lang='lat' dir='ltr'>a</span> <span class='ocrx_word' id='word_1_254' title='bbox 690 2887 875 2953; x_wconf 89' lang='lat' dir='ltr'>Ptolomaeo</span> <span class='ocrx_word' id='word_1_255' title='bbox 898 2888 1107 2971; x_wconf 88' lang='lat' dir='ltr'>Philadelpho</span> <span class='ocrx_word' id='word_1_256' title='bbox 1129 2893 1244 2970; x_wconf 88' lang='lat' dir='ltr'>postca</span> <span class='ocrx_word' id='word_1_257' title='bbox 1266 2889 1395 2953; x_wconf 88' lang='lat' dir='ltr'>domurn</span> <span class='ocrx_word' id='word_1_258' title='bbox 1418 2887 1550 2952; x_wconf 85' lang='lat' dir='ltr'>dimissa</span> 
     </span>
     <span class='ocr_line' id='line_1_32' title="bbox 322 2977 702 3051; baseline -0.013 -15"><span class='ocrx_word' id='word_1_259' title='bbox 322 2977 411 3051; x_wconf 81' lang='lat' dir='ltr'>sunt3</span> <span class='ocrx_word' id='word_1_260' title='bbox 701 3027 702 3031; x_wconf 73' lang='grc'>,</span> 
     </span>
     <span class='ocr_line' id='line_1_33' title="bbox 409 3058 1548 3141; baseline 0 -19"><span class='ocrx_word' id='word_1_261' title='bbox 409 3058 444 3139; x_wconf 83' lang='lat' dir='ltr'>d)</span> <span class='ocrx_word' id='word_1_262' title='bbox 466 3058 563 3122; x_wconf 90' lang='lat' dir='ltr'>urbes</span> <span class='ocrx_word' id='word_1_263' title='bbox 578 3059 676 3138; x_wconf 93' lang='lat' dir='ltr'>Dora,</span> <span class='ocrx_word' id='word_1_264' title='bbox 693 3059 831 3139; x_wconf 85' lang='lat' dir='ltr'>Gadara,</span> <span class='ocrx_word' id='word_1_265' title='bbox 843 3060 977 3141; x_wconf 88' lang='lat' dir='ltr'>Hippos,</span> <span class='ocrx_word' id='word_1_266' title='bbox 989 3059 1144 3139; x_wconf 86' lang='lat' dir='ltr'>Tiberias,</span> <span class='ocrx_word' id='word_1_267' title='bbox 1157 3058 1367 3141; x_wconf 75' lang='lat' dir='ltr'>Scythopohs</span> <span class='ocrx_word' id='word_1_268' title='bbox 1381 3059 1548 3136; x_wconf 84' lang='lat' dir='ltr'>Caesarea,</span> 
     </span>
    </p>
   </div>
   <div class='ocr_carea' id='block_1_4' title="bbox 323 3143 1549 3570">
    <p class='ocr_par' dir='ltr' id='par_1_10' title="bbox 323 3143 1363 3227">
     <span class='ocr_line' id='line_1_34' title="bbox 323 3143 1363 3227; baseline 0.002 -19"><span class='ocrx_word' id='word_1_269' title='bbox 323 3143 470 3221; x_wconf 88' lang='lat' dir='ltr'>Ascalon,</span> <span class='ocrx_word' id='word_1_270' title='bbox 487 3143 576 3208; x_wconf 86' lang='lat' dir='ltr'>Gaza</span> <span class='ocrx_word' id='word_1_271' title='bbox 591 3145 729 3209; x_wconf 74' lang='lat' dir='ltr'>maxima</span> <span class='ocrx_word' id='word_1_272' title='bbox 744 3164 782 3210; x_wconf 85' lang='lat' dir='ltr'>ex</span> <span class='ocrx_word' id='word_1_273' title='bbox 796 3150 890 3226; x_wconf 90' lang='lat' dir='ltr'>parte</span> <span class='ocrx_word' id='word_1_274' title='bbox 904 3144 1024 3210; x_wconf 89' lang='lat' dir='ltr'>incolas</span> <span class='ocrx_word' id='word_1_275' title='bbox 1039 3145 1201 3210; x_wconf 90' lang='lat' dir='ltr'>habebant</span> <span class='ocrx_word' id='word_1_276' title='bbox 1216 3163 1363 3227; x_wconf 85' lang='lat' dir='ltr'>graecos3</span> 
     </span>
    </p>

    <p class='ocr_par' dir='ltr' id='par_1_11' title="bbox 323 3227 1549 3570">
     <span class='ocr_line' id='line_1_35' title="bbox 411 3227 1548 3312; baseline 0 -22"><span class='ocrx_word' id='word_1_277' title='bbox 411 3229 440 3308; x_wconf 85' lang='lat' dir='ltr'>e)</span> <span class='ocrx_word' id='word_1_278' title='bbox 462 3227 609 3294; x_wconf 90' lang='lat' dir='ltr'>Herodes</span> <span class='ocrx_word' id='word_1_279' title='bbox 624 3230 666 3294; x_wconf 93' lang='grc' dir='ltr'>Μ.</span> <span class='ocrx_word' id='word_1_280' title='bbox 682 3250 746 3295; x_wconf 93' lang='lat' dir='ltr'>non</span> <span class='ocrx_word' id='word_1_281' title='bbox 759 3234 885 3294; x_wconf 89' lang='lat' dir='ltr'>tantum</span> <span class='ocrx_word' id='word_1_282' title='bbox 900 3249 1005 3296; x_wconf 90' lang='lat' dir='ltr'>mores</span> <span class='ocrx_word' id='word_1_283' title='bbox 1025 3249 1158 3312; x_wconf 88' lang='lat' dir='ltr'>graecos</span> <span class='ocrx_word' id='word_1_284' title='bbox 1178 3249 1216 3295; x_wconf 88' lang='lat' dir='ltr'>ac</span> <span class='ocrx_word' id='word_1_285' title='bbox 1236 3248 1384 3295; x_wconf 88' lang='lat' dir='ltr'>romanos</span> <span class='ocrx_word' id='word_1_286' title='bbox 1405 3229 1548 3294; x_wconf 90' lang='lat' dir='ltr'>introdu-</span> 
     </span>
     <span class='ocr_line' id='line_1_36' title="bbox 328 3314 1548 3396; baseline -0.002 -16"><span class='ocrx_word' id='word_1_287' title='bbox 328 3333 408 3394; x_wconf 88' lang='lat' dir='ltr'>cere,</span> <span class='ocrx_word' id='word_1_288' title='bbox 425 3314 529 3378; x_wconf 85' lang='lat' dir='ltr'>sedin</span> <span class='ocrx_word' id='word_1_289' title='bbox 545 3334 661 3396; x_wconf 88' lang='lat' dir='ltr'>genere</span> <span class='ocrx_word' id='word_1_290' title='bbox 676 3314 819 3381; x_wconf 85' lang='lat' dir='ltr'>Judaeos</span> <span class='ocrx_word' id='word_1_291' title='bbox 833 3317 866 3380; x_wconf 94' lang='lat' dir='ltr'>in</span> <span class='ocrx_word' id='word_1_292' title='bbox 882 3315 1022 3381; x_wconf 88' lang='lat' dir='ltr'>Graecos</span> <span class='ocrx_word' id='word_1_293' title='bbox 1036 3315 1265 3382; x_wconf 87' lang='lat' dir='ltr'>transformare</span> <span class='ocrx_word' id='word_1_294' title='bbox 1279 3315 1458 3395; x_wconf 90' lang='lat' dir='ltr'>nitebatur;</span> <span class='ocrx_word' id='word_1_295' title='bbox 1477 3332 1548 3378; x_wconf 89' lang='lat' dir='ltr'>narn</span> 
     </span>
     <span class='ocr_line' id='line_1_37' title="bbox 327 3399 1548 3483; baseline 0 -20"><span class='ocrx_word' id='word_1_296' title='bbox 327 3399 505 3465; x_wconf 82' lang='lat' dir='ltr'>Caesareae</span> <span class='ocrx_word' id='word_1_297' title='bbox 520 3401 682 3465; x_wconf 88' lang='lat' dir='ltr'>theatrum</span> <span class='ocrx_word' id='word_1_298' title='bbox 698 3406 730 3466; x_wconf 91' lang='lat' dir='ltr'>et</span> <span class='ocrx_word' id='word_1_299' title='bbox 745 3402 1025 3483; x_wconf 90' lang='lat' dir='ltr'>amphitheatrum,</span> <span class='ocrx_word' id='word_1_300' title='bbox 1047 3402 1069 3467; x_wconf 87' lang='lat' dir='ltr'><strong>J</strong></span> <span class='ocrx_word' id='word_1_301' title='bbox 1070 3402 1234 3468; x_wconf 89' lang='lat' dir='ltr'>erichunte</span> <span class='ocrx_word' id='word_1_302' title='bbox 1254 3402 1403 3481; x_wconf 89' lang='lat' dir='ltr'>stadium,</span> <span class='ocrx_word' id='word_1_303' title='bbox 1427 3399 1548 3482; x_wconf 91' lang='lat' dir='ltr'>amphi-</span> 
     </span>
     <span class='ocr_line' id='line_1_38' title="bbox 323 3485 1549 3570; baseline -0.002 -20"><span class='ocrx_word' id='word_1_304' title='bbox 323 3486 486 3550; x_wconf 86' lang='lat' dir='ltr'>theatrum</span> <span class='ocrx_word' id='word_1_305' title='bbox 514 3491 546 3550; x_wconf 90' lang='lat' dir='ltr'>et</span> <span class='ocrx_word' id='word_1_306' title='bbox 573 3487 750 3567; x_wconf 86' lang='lat' dir='ltr'>theatrum,</span> <span class='ocrx_word' id='word_1_307' title='bbox 777 3487 871 3568; x_wconf 84' lang='lat' dir='ltr'>juxta</span> <span class='ocrx_word' id='word_1_308' title='bbox 894 3507 1002 3554; x_wconf 92' lang='lat' dir='ltr'>muros</span> <span class='ocrx_word' id='word_1_309' title='bbox 1027 3487 1321 3570; x_wconf 84' lang='lat' dir='ltr'>Hierosolymorum</span> <span class='ocrx_word' id='word_1_310' title='bbox 1348 3485 1490 3552; x_wconf 87' lang='lat' dir='ltr'>stadium</span> <span class='ocrx_word' id='word_1_311' title='bbox 1518 3491 1549 3549; x_wconf 87' lang='lat' dir='ltr'>et</span> 
     </span>
    </p>
   </div>
   <div class='ocr_carea' id='block_1_5' title="bbox 327 3643 518 3652">
    <p class='ocr_par' dir='ltr' id='par_1_12' title="bbox 327 3643 518 3652">
     <span class='ocr_line' id='line_1_39' title="bbox 327 3643 518 3652; baseline 0.005 -5"><span class='ocrx_word' id='word_1_312' title='bbox 327 3643 518 3652; x_wconf 71' lang='grc'><em>----.</em></span> 
     </span>
    </p>
   </div>
   <div class='ocr_carea' id='block_1_6' title="bbox 394 3721 926 3791">
    <p class='ocr_par' dir='ltr' id='par_1_13' title="bbox 394 3721 926 3791">
     <span class='ocr_line' id='line_1_40' title="bbox 394 3721 926 3791; baseline 0.006 -17"><span class='ocrx_word' id='word_1_313' title='bbox 394 3725 403 3756; x_wconf 94' lang='lat'>¹</span> <span class='ocrx_word' id='word_1_314' title='bbox 420 3721 513 3776; x_wconf 88' lang='lat' dir='ltr'>Horat.</span> <span class='ocrx_word' id='word_1_315' title='bbox 526 3738 586 3790; x_wconf 90' lang='lat' dir='ltr'>epp.</span> <span class='ocrx_word' id='word_1_316' title='bbox 599 3721 645 3777; x_wconf 87' lang='lat' dir='ltr'>lib.</span> <span class='ocrx_word' id='word_1_317' title='bbox 657 3722 691 3776; x_wconf 93' lang='grc' dir='ltr'>Π.</span> <span class='ocrx_word' id='word_1_318' title='bbox 704 3738 746 3791; x_wconf 85' lang='lat' dir='ltr'>ep.</span> <span class='ocrx_word' id='word_1_319' title='bbox 760 3723 783 3789; x_wconf 93' lang='lat'>1,</span> <span class='ocrx_word' id='word_1_320' title='bbox 797 3723 855 3777; x_wconf 82' lang='lat'>156.</span> <span class='ocrx_word' id='word_1_321' title='bbox 868 3723 926 3777; x_wconf 88' lang='lat' dir='ltr'>ait:</span> 
     </span>
    </p>
   </div>
   <div class='ocr_carea' id='block_1_7' title="bbox 392 3795 1264 4664">
    <p class='ocr_par' dir='ltr' id='par_1_14' title="bbox 392 3795 1264 4664">
     <span class='ocr_line' id='line_1_41' title="bbox 552 3795 1184 3858; baseline 0 -16"><span class='ocrx_word' id='word_1_322' title='bbox 552 3795 659 3843; x_wconf 78' lang='lat' dir='ltr'>Graecia</span> <span class='ocrx_word' id='word_1_323' title='bbox 672 3803 746 3856; x_wconf 85' lang='lat' dir='ltr'>capta</span> <span class='ocrx_word' id='word_1_324' title='bbox 758 3799 839 3844; x_wconf 86' lang='lat' dir='ltr'>ferum</span> <span class='ocrx_word' id='word_1_325' title='bbox 852 3798 977 3845; x_wconf 88' lang='lat' dir='ltr'>victorem</span> <span class='ocrx_word' id='word_1_326' title='bbox 990 3799 1066 3858; x_wconf 87' lang='lat' dir='ltr'>cepit.</span> <span class='ocrx_word' id='word_1_327' title='bbox 1080 3801 1184 3845; x_wconf 82' lang='lat' dir='ltr'>stantes</span> 
     </span>
     <span class='ocr_line' id='line_1_42' title="bbox 553 3864 848 3922; baseline 0.007 -12"><span class='ocrx_word' id='word_1_328' title='bbox 553 3864 644 3910; x_wconf 91' lang='lat' dir='ltr'>Intulit</span> <span class='ocrx_word' id='word_1_329' title='bbox 656 3867 752 3922; x_wconf 84' lang='lat' dir='ltr'>agresti</span> <span class='ocrx_word' id='word_1_330' title='bbox 764 3865 848 3913; x_wconf 86' lang='lat' dir='ltr'>Latio.</span> 
     </span>
     <span class='ocr_line' id='line_1_43' title="bbox 392 3925 983 3996; baseline 0.007 -18"><span class='ocrx_word' id='word_1_331' title='bbox 392 3929 403 3960; x_wconf 74' lang='lat'>²</span> <span class='ocrx_word' id='word_1_332' title='bbox 420 3925 541 3980; x_wconf 84' lang='lat' dir='ltr'>Juvenal.</span> <span class='ocrx_word' id='word_1_333' title='bbox 556 3932 637 3996; x_wconf 87' lang='lat' dir='ltr'>satyr.</span> <span class='ocrx_word' id='word_1_334' title='bbox 649 3926 695 3980; x_wconf 84' lang='lat' dir='ltr'>VI.</span> <span class='ocrx_word' id='word_1_335' title='bbox 709 3927 767 3981; x_wconf 86' lang='grc'>184.</span> <span class='ocrx_word' id='word_1_336' title='bbox 779 3927 894 3982; x_wconf 91' lang='lat' dir='ltr'>irridens</span> <span class='ocrx_word' id='word_1_337' title='bbox 907 3928 983 3982; x_wconf 88' lang='lat' dir='ltr'>dicit:</span> 
     </span>
     <span class='ocr_line' id='line_1_44' title="bbox 527 4001 1242 4063; baseline 0.004 -18"><span class='ocrx_word' id='word_1_338' title='bbox 527 4003 591 4046; x_wconf 87' lang='lat' dir='ltr'>Nam</span> <span class='ocrx_word' id='word_1_339' title='bbox 606 4001 666 4060; x_wconf 90' lang='lat' dir='ltr'>quid</span> <span class='ocrx_word' id='word_1_340' title='bbox 680 4003 819 4062; x_wconf 86' lang='lat' dir='ltr'>rancidius,</span> <span class='ocrx_word' id='word_1_341' title='bbox 833 4017 905 4062; x_wconf 86' lang='lat' dir='ltr'>quam</span> <span class='ocrx_word' id='word_1_342' title='bbox 919 4004 985 4063; x_wconf 90' lang='lat' dir='ltr'>quod</span> <span class='ocrx_word' id='word_1_343' title='bbox 998 4015 1049 4048; x_wconf 91' lang='lat' dir='ltr'>non</span> <span class='ocrx_word' id='word_1_344' title='bbox 1062 4015 1089 4048; x_wconf 87' lang='lat' dir='ltr'>se</span> <span class='ocrx_word' id='word_1_345' title='bbox 1102 4005 1175 4058; x_wconf 86' lang='lat' dir='ltr'>putat</span> <span class='ocrx_word' id='word_1_346' title='bbox 1187 4001 1242 4048; x_wconf 86' lang='lat' dir='ltr'>ulla</span> 
     </span>
     <span class='ocr_line' id='line_1_45' title="bbox 527 4068 1264 4130; baseline -0.003 -15"><span class='ocrx_word' id='word_1_347' title='bbox 527 4071 684 4128; x_wconf 81' lang='lat' dir='ltr'>Formosam,</span> <span class='ocrx_word' id='word_1_348' title='bbox 699 4071 748 4117; x_wconf 87' lang='lat' dir='ltr'>nisi</span> <span class='ocrx_word' id='word_1_349' title='bbox 763 4085 826 4130; x_wconf 85' lang='lat' dir='ltr'>quae</span> <span class='ocrx_word' id='word_1_350' title='bbox 840 4071 871 4118; x_wconf 86' lang='lat' dir='ltr'>de</span> <span class='ocrx_word' id='word_1_351' title='bbox 884 4072 986 4117; x_wconf 82' lang='lat' dir='ltr'>Thusca</span> <span class='ocrx_word' id='word_1_352' title='bbox 999 4069 1126 4117; x_wconf 83' lang='lat' dir='ltr'>Graecula</span> <span class='ocrx_word' id='word_1_353' title='bbox 1136 4068 1203 4115; x_wconf 84' lang='lat' dir='ltr'>iacta</span> <span class='ocrx_word' id='word_1_354' title='bbox 1217 4073 1264 4130; x_wconf 80' lang='lat' dir='ltr'>ast,</span> 
     </span>
     <span class='ocr_line' id='line_1_46' title="bbox 527 4134 1194 4198; baseline 0 -15"><span class='ocrx_word' id='word_1_355' title='bbox 527 4139 567 4184; x_wconf 83' lang='lat' dir='ltr'>De</span> <span class='ocrx_word' id='word_1_356' title='bbox 580 4138 740 4185; x_wconf 84' lang='lat' dir='ltr'>Sulmonensi</span> <span class='ocrx_word' id='word_1_357' title='bbox 752 4153 823 4185; x_wconf 85' lang='lat' dir='ltr'>mora</span> <span class='ocrx_word' id='word_1_358' title='bbox 833 4134 973 4198; x_wconf 67' lang='lat' dir='ltr'>Cecropis?</span> <span class='ocrx_word' id='word_1_359' title='bbox 991 4138 1084 4186; x_wconf 84' lang='lat' dir='ltr'>Omnia</span> <span class='ocrx_word' id='word_1_360' title='bbox 1096 4151 1194 4196; x_wconf 85' lang='lat' dir='ltr'>graece,</span> 
     </span>
     <span class='ocr_line' id='line_1_47' title="bbox 528 4204 1138 4267; baseline -0.002 -16"><span class='ocrx_word' id='word_1_361' title='bbox 528 4204 590 4251; x_wconf 83' lang='lat' dir='ltr'>Cum</span> <span class='ocrx_word' id='word_1_362' title='bbox 604 4206 637 4252; x_wconf 83' lang='lat' dir='ltr'>sit</span> <span class='ocrx_word' id='word_1_363' title='bbox 650 4210 722 4266; x_wconf 89' lang='lat' dir='ltr'>turpe</span> <span class='ocrx_word' id='word_1_364' title='bbox 735 4208 818 4267; x_wconf 86' lang='lat' dir='ltr'>magis</span> <span class='ocrx_word' id='word_1_365' title='bbox 830 4208 925 4254; x_wconf 87' lang='lat' dir='ltr'>nostris</span> <span class='ocrx_word' id='word_1_366' title='bbox 937 4208 1037 4254; x_wconf 82' lang='lat' dir='ltr'>nescire</span> <span class='ocrx_word' id='word_1_367' title='bbox 1049 4205 1138 4252; x_wconf 85' lang='lat' dir='ltr'>latine.</span> 
     </span>
     <span class='ocr_line' id='line_1_48' title="bbox 526 4273 1180 4335; baseline 0.003 -17"><span class='ocrx_word' id='word_1_368' title='bbox 526 4274 584 4318; x_wconf 89' lang='lat' dir='ltr'>Hoc</span> <span class='ocrx_word' id='word_1_369' title='bbox 596 4287 711 4322; x_wconf 89' lang='lat' dir='ltr'>sermone</span> <span class='ocrx_word' id='word_1_370' title='bbox 722 4280 825 4334; x_wconf 86' lang='lat' dir='ltr'>pavent,</span> <span class='ocrx_word' id='word_1_371' title='bbox 837 4277 885 4322; x_wconf 89' lang='lat' dir='ltr'>hoc</span> <span class='ocrx_word' id='word_1_372' title='bbox 898 4276 970 4333; x_wconf 85' lang='lat' dir='ltr'>iram,</span> <span class='ocrx_word' id='word_1_373' title='bbox 984 4273 1085 4335; x_wconf 85' lang='lat' dir='ltr'>gaudia,</span> <span class='ocrx_word' id='word_1_374' title='bbox 1099 4287 1180 4330; x_wconf 84' lang='lat' dir='ltr'>curas,</span> 
     </span>
     <span class='ocr_line' id='line_1_49' title="bbox 527 4343 1094 4391; baseline 0.004 -5"><span class='ocrx_word' id='word_1_375' title='bbox 527 4343 582 4387; x_wconf 86' lang='lat' dir='ltr'>Hoc</span> <span class='ocrx_word' id='word_1_376' title='bbox 596 4345 685 4387; x_wconf 86' lang='lat' dir='ltr'>cuncta</span> <span class='ocrx_word' id='word_1_377' title='bbox 698 4343 831 4391; x_wconf 86' lang='lat' dir='ltr'>effundunt</span> <span class='ocrx_word' id='word_1_378' title='bbox 843 4345 920 4391; x_wconf 86' lang='lat' dir='ltr'>animi</span> <span class='ocrx_word' id='word_1_379' title='bbox 934 4347 1034 4390; x_wconf 83' lang='lat' dir='ltr'>secreta</span> <span class='ocrx_word' id='word_1_380' title='bbox 1047 4347 1094 4388; x_wconf 83' lang='lat' dir='ltr'>ato.</span> 
     </span>
     <span class='ocr_line' id='line_1_50' title="bbox 394 4401 826 4473; baseline 0.012 -18"><span class='ocrx_word' id='word_1_381' title='bbox 394 4406 404 4438; x_wconf 85' lang='lat'>⁸</span> <span class='ocrx_word' id='word_1_382' title='bbox 421 4403 514 4457; x_wconf 91' lang='lat' dir='ltr'>Horat.</span> <span class='ocrx_word' id='word_1_383' title='bbox 527 4419 587 4473; x_wconf 91' lang='lat' dir='ltr'>epp.</span> <span class='ocrx_word' id='word_1_384' title='bbox 599 4401 644 4456; x_wconf 94' lang='lat' dir='ltr'>lib.</span> <span class='ocrx_word' id='word_1_385' title='bbox 658 4404 692 4457; x_wconf 88' lang='lat' dir='ltr'>H.</span> <span class='ocrx_word' id='word_1_386' title='bbox 705 4419 746 4472; x_wconf 90' lang='lat' dir='ltr'>ep.</span> <span class='ocrx_word' id='word_1_387' title='bbox 759 4405 784 4470; x_wconf 78' lang='lat'>2,</span> <span class='ocrx_word' id='word_1_388' title='bbox 797 4406 826 4460; x_wconf 87' lang='lat'>6:</span> 
     </span>
     <span class='ocr_line' id='line_1_51' title="bbox 528 4477 1112 4539; baseline 0.002 -15"><span class='ocrx_word' id='word_1_389' title='bbox 528 4480 614 4524; x_wconf 88' lang='lat' dir='ltr'>Verna</span> <span class='ocrx_word' id='word_1_390' title='bbox 626 4478 775 4527; x_wconf 86' lang='lat' dir='ltr'>ministeriis</span> <span class='ocrx_word' id='word_1_391' title='bbox 786 4480 819 4525; x_wconf 85' lang='lat' dir='ltr'>ad</span> <span class='ocrx_word' id='word_1_392' title='bbox 832 4483 908 4527; x_wconf 86' lang='lat' dir='ltr'>nutus</span> <span class='ocrx_word' id='word_1_393' title='bbox 921 4483 995 4538; x_wconf 86' lang='lat' dir='ltr'>aptus</span> <span class='ocrx_word' id='word_1_394' title='bbox 1008 4477 1112 4539; x_wconf 84' lang='lat' dir='ltr'>heriles,</span> 
     </span>
     <span class='ocr_line' id='line_1_52' title="bbox 532 4546 1073 4606; baseline -0.004 -14"><span class='ocrx_word' id='word_1_395' title='bbox 532 4547 655 4593; x_wconf 84' lang='lat' dir='ltr'>hiterulis</span> <span class='ocrx_word' id='word_1_396' title='bbox 668 4547 766 4606; x_wconf 82' lang='lat' dir='ltr'>graecis</span> <span class='ocrx_word' id='word_1_397' title='bbox 778 4547 890 4596; x_wconf 82' lang='lat' dir='ltr'>imbutus</span> <span class='ocrx_word' id='word_1_398' title='bbox 903 4547 1011 4594; x_wconf 84' lang='lat' dir='ltr'>idoneus</span> <span class='ocrx_word' id='word_1_399' title='bbox 1024 4546 1073 4594; x_wconf 87' lang='lat' dir='ltr'>arti</span> 
     </span>
     <span class='ocr_line' id='line_1_53' title="bbox 464 4611 701 4664; baseline 0.025 -7"><span class='ocrx_word' id='word_1_400' title='bbox 464 4653 468 4657; x_wconf 89' lang='lat'>.</span> <span class='ocrx_word' id='word_1_401' title='bbox 529 4611 641 4660; x_wconf 83' lang='lat' dir='ltr'>Cuilibet</span> <span class='ocrx_word' id='word_1_402' title='bbox 653 4618 701 4664; x_wconf 82' lang='lat' dir='ltr'>ete.</span> 
     </span>
    </p>
   </div>
   <div class='ocr_carea' id='block_1_8' title="bbox 0 0 1688 5172">
    <p class='ocr_par' dir='ltr' id='par_1_15' title="bbox 0 0 1688 5172">
     <span class='ocr_line' id='line_1_54' title="bbox 0 0 1688 5172; baseline 0 0"><span class='ocrx_word' id='word_1_403' title='bbox 0 0 1688 5172; x_wconf 95' lang='lat' dir='ltr'> </span> 
     </span>
    </p>
   </div>
  </div>
 </body>
</html>
