3428 5180
619 320 903 386 *331*-

154 487 235 553 tech.
245 487 323 569 Ν),
333 487 546 573 εῑθνῳονιὶιε
552 489 631 554 Noa.
645 488 692 569 (in
706 507 801 556 carm.
813 490 878 572 33.)
890 508 953 555 non
965 489 1238 570 commemoravit,
1253 489 1371 557 mentio

153 573 298 722 ejug⁵5n⁰n
313 578 363 638 est
377 572 463 638 facta
477 573 509 637 in
525 595 593 637 carc.
609 575 660 638 60.
676 573 1029 655 coacilr'c’hoodr'ceaarb,
1044 576 1079 639 ia
1091 575 1262 638 canonibus
1273 589 1370 660 apost.

152 677 177 724 c.
237 708 243 721 .

235 741 493 822 Respondemus:

235 828 288 891 Ad
303 828 331 890 1.
363 827 443 892 (lum
456 828 561 894 versio
576 827 724 894 Peschito
739 826 962 909 conficeretur,
984 828 1185 912 apocalypsis
1200 829 1304 895 serlus
1319 846 1372 894 ex·
1397 909 1398 912 Ἴ

150 917 244 978 arata
257 912 290 976 in
305 912 398 993 Syria
413 913 559 979 orientali
578 913 690 994 procrd
711 914 809 980 dubio
828 914 968 980 nondum
990 920 1060 980 erat
1081 919 1171 994 nota,
1188 932 1265 980 eam
1285 931 1372 992 vero,

150 998 225 1062 licet
239 997 272 1062 in
293 997 471 1062 versionem
486 999 634 1064 Pescbito
654 1018 717 1064 non
736 1004 908 1082 receptam,
929 999 963 1064 in
984 999 1119 1065 ecclesie
1140 999 1265 1081 syriaca
1277 996 1373 1081 [haud

150 1101 222 1148 esse
236 1082 397 1164 reiectam,
412 1084 508 1150 docet
522 1082 718 1168 Ephroemoa
733 1083 843 1170 syres.

234 1168 287 1232 Ad
300 1169 330 1232 2.
360 1167 473 1253 Abpi,
495 1172 532 1232 ut
546 1169 670 1251 reliqua
685 1187 709 1233 s.
724 1168 858 1234 loannis
873 1168 1007 1250 scripta,
1030 1169 1077 1234 ita
1093 1167 1190 1236 etiam
1210 1169 1243 1233 in
1265 1167 1372 1249 specie

149 1253 357 1334 apocalypsin
371 1253 525 1334 inpugna
540 1259 651 1319 contre
662 1254 874 1320 Montanistas
889 1273 908 1320 e
922 1253 1100 1319 rationibus
1115 1254 1218 1318 solum
1228 1253 1371 1333 internis,

147 1338 323 1419 praecipue
344 1339 516 1420 exegeticis
535 1340 729 1421 rejecerunt;
751 1357 825 1404 narn
844 1358 864 1404 a
878 1344 984 1405 mente
999 1357 1024 1404 s.
1039 1339 1172 1404 loannis
1186 1338 1373 1404 alienissimi

147 1429 374 1504 argumentum
402 1423 475 1489 libri
502 1442 612 1490 crasse
640 1425 890 1506 interpretantes
923 1443 1052 1490 sensum
1088 1444 1151 1490 non
1183 1423 1373 1489 invenerunt

146 1526 166 1572 a
189 1513 291 1572 tum.¹

69 1571 80 1598 ⁴
165 1527 188 1589 p
234 1591 286 1656 Ad
301 1594 330 1657 3.
360 1593 493 1674 Majoris
514 1594 666 1660 momenti
687 1612 759 1660 esse
780 1594 908 1660 videtur
920 1593 1078 1676 Dionysii
1088 1592 1182 1658 Alea.
1204 1592 1372 1671 sententia,

147 1678 242 1760 cujus
256 1683 365 1744 autern
379 1678 469 1759 origo
484 1682 517 1743 et
531 1677 655 1745 falsitas
675 1677 770 1744 facile
790 1679 978 1748 ostenditur.
1020 1677 1204 1744 invaluerat
1223 1677 1372 1742 nimirum

147 1765 178 1828 in
196 1763 344 1844 Aegypto
359 1763 505 1828 doctrina
520 1764 560 1830 de
575 1763 753 1843 chiliasmo,
776 1765 866 1846 cujus
880 1762 1073 1845 praecipuus
1094 1762 1242 1829 defensor
1255 1762 1372 1846 Nepos,

148 1847 373 1929 praefecturae
398 1848 611 1914 Arsinoiticae
635 1849 819 1930 episcopus,
844 1869 907 1915 non
929 1853 1054 1919 tantum
1078 1848 1252 1931 praecipua
1277 1865 1372 1928 argu-

148 1937 257 1999 menta
280 1952 318 1999 ex
338 1933 523 2016 apocalypsi
543 1933 652 2000 hausit
676 1935 719 2000 ad
745 1934 872 2002 literam
898 1933 1059 2016 expositA,
1085 1934 1143 2000 sed
1168 1933 1265 1998 etiam
1291 1949 1373 2012 opus

149 2018 269 2083 edidit:
303 2017 432 2103 ἐλεγχος
456 2015 709 2107 ἀλληγοριστῶν,
738 2018 860 2100 inquo
889 2015 1095 2101 symbolicam
1123 2018 1373 2085 orthodoxorum

149 2104 448 2184 interpretationem
463 2102 605 2170 refutare
619 2105 751 2170 adnisus
766 2113 824 2170 ost.
847 2105 926 2170 Post
940 2104 1025 2170 illius
1039 2108 1176 2170 mortem
1190 2101 1372 2184 Dionysius,

149 2189 191 2253 ad
216 2188 408 2270 dignitatem
434 2188 647 2270 episcopalem
672 2189 724 2253 vix
749 2195 879 2256 evectus
905 2209 977 2255 cum
997 2189 1217 2254 chiliastarum
1236 2187 1372 2252 ducibus

150 2273 309 2355 colloquia
333 2273 473 2338 instituit
498 2278 707 2355 errantesque
732 2275 774 2340 sd
795 2275 964 2341 vamtatem
985 2275 1139 2340 reducere
1161 2278 1293 2339 conatus
1313 2276 1371 2338 est.

150 2359 212 2424 Ast
225 2359 321 2424 nimio
336 2357 553 2424 firmissimum
568 2358 724 2426 chiliasmi
737 2359 873 2426 firlcrum
890 2359 1053 2426 evertendi
1068 2359 1136 2424 zelo
1159 2359 1313 2438 abreptus
1334 2376 1372 2423 eo

151 2444 924 2596 lttltl‘thsst³¹²ltltvttlltlbtat
937 2442 1373 2596 tttlhtlltltlthl

149 2615 207 2678 vit:
232 2615 310 2700 περὶ
332 2613 547 2698 ἐπαγγελίων,
571 2615 604 2678 in
626 2616 742 2696 quibus
763 2616 955 2682 sententiam
976 2634 1068 2680 suam
1083 2615 1200 2681 elatius
1216 2613 1371 2696 exposuit.

149 2699 309 2764 Provocat
330 2699 372 2762 ad
394 2700 559 2779 quosdam,
583 2701 640 2780 qui
661 2707 757 2766 antea
771 2701 840 2782 jam
861 2700 1066 2781 apocalypsin
1083 2699 1226 2766 <lacerto
1241 2698 1372 2764 tribuis·

153 2789 230 2864 sent,
254 2801 335 2864 quos
356 2789 464 2850 tamen
486 2803 549 2850 non
569 2785 712 2852 nominat
726 2784 855 2866 (Alogi),
877 2793 917 2850 et
933 2803 1069 2865 quorum
1091 2784 1282 2850 sententiam
1301 2784 1372 2864 ipsc

150 2869 337 3020 tharha
352 2868 1371 3036 tt}²llllltltllittrlthtttttitltlddl

434 3003 442 3033 r
1365 3004 1371 3016 .

148 3041 349 3122 Argumenta
371 3039 439 3120 ejus
462 3044 554 3104 erant
575 3039 754 3120 sequentia:
785 3039 819 3121 a)
834 3040 991 3106 loannem
1004 3038 1195 3120 Apostolum
1216 3055 1320 3119 neque
1338 3037 1372 3101 in

149 3124 324 3206 evangelio,
343 3142 449 3204 neque
461 3125 495 3188 in
511 3123 655 3205 epistolis
670 3143 741 3190 sese
755 3125 926 3204 nominare,
947 3125 1034 3205 quod
1047 3122 1105 3188 fiat
1119 3124 1160 3189 ab
1175 3123 1266 3190 initio
1282 3122 1372 3189 etad

147 3209 246 3276 finem
259 3209 500 3291 apocalypseos,
530 3210 562 3292 o)
577 3209 676 3290 ideas,
698 3210 918 3291 expressiones
933 3216 966 3276 et
980 3209 1126 3290 syntaxin
1140 3209 1173 3273 in
1187 3208 1372 3290 apocalypsi

147 3297 245 3376 plane
260 3295 444 3376 discrepare
459 3314 478 3359 a
499 3295 626 3377 scriptis
641 3295 774 3360 loannis
788 3295 949 3378 Apostoli3
981 3296 1012 3375 c)
1028 3295 1146 3374 stylum
1166 3313 1237 3358 esse
1255 3293 1372 3358 barba·

147 3400 223 3445 rum
238 3384 271 3445 et
286 3379 481 3444 soloecismis
496 3380 669 3446 abundare.
695 3378 757 3445 Ast
771 3386 960 3463 argumenta
973 3380 1054 3445 haee
1068 3397 1156 3444 mere
1170 3379 1295 3444 interna
1309 3396 1372 3442 non

147 3465 298 3531 sufficere
309 3465 352 3529 ad
366 3465 570 3546 apocalypsin
584 3465 606 3529 J
607 3465 701 3530 oanni
714 3463 869 3546 Apostolo
889 3465 1143 3547 abjudicandam,
1162 3464 1230 3545 jam
1248 3462 1373 3544 antiqui

146 3554 363 3633 agnoverunt;
387 3555 546 3631 quotquot
567 3550 649 3616 enim
668 3549 719 3616 vel
732 3551 945 3618 Alexandriae
965 3554 1040 3630 post
1053 3549 1241 3630 Dionysium
1255 3548 1316 3613 hoc
1331 3548 1372 3612 de

146 3637 233 3702 libro
248 3634 439 3700 mentionem
454 3634 607 3716 fecerunt,
627 3653 700 3700 eum
714 3634 735 3700 J
737 3636 830 3701 oanni
844 3636 998 3715 Apostolo
1020 3633 1203 3700 adscribere
1224 3651 1373 3714 perseve-

146 3724 272 3786 rarunt.
301 3719 333 3783 N
334 3738 426 3785 omen
440 3721 590 3800 auctoris,
606 3720 693 3802 quod
706 3721 740 3785 in
755 3720 918 3802 evangelio
934 3724 967 3785 et
980 3720 1013 3784 in
1027 3720 1051 3783 l.
1068 3738 1116 3800 ep.
1125 3720 1258 3784 loannis
1273 3719 1372 3784 adno-

145 3812 223 3871 tare
244 3824 306 3869 non
327 3811 397 3870 erat
418 3805 642 3886 necessarium,
666 3805 816 3886 quodque
836 3806 869 3868 in
883 3805 924 3869 11.
941 3809 974 3870 et
987 3805 1045 3868 IH.
1061 3805 1152 3885 epist.
1167 3823 1226 3886 per
1245 3822 1373 3885 expres·

148 3892 272 3956 sionem
287 3888 306 3957 ὁ
321 3890 538 3977 πρεσβύτερος
552 3895 785 3972 compensatur,
808 3890 841 3954 in
862 3909 959 3971 opere
981 3890 1167 3971 prophetico
1188 3889 1282 3970 plane
1302 3896 1374 3954 erat

148 3974 357 4054 convenienS,
380 3994 452 4040 cum
475 3980 507 4040 et
520 3975 557 4040 V.
574 3975 609 4039 F.
631 3976 808 4057 prophetae
831 3981 933 4041 semet
954 3975 1118 4040 nominare
1138 3974 1372 4051 consueverint;

149 4061 260 4140 ideas,
283 4061 503 4141 expressiones
519 4064 551 4124 et
566 4061 712 4141 syntaxin
725 4061 758 4125 in
772 4060 956 4142 apocalypsi
970 4078 990 4124 a
1005 4060 1133 4141 scriptis
1148 4059 1169 4125 J
1171 4059 1281 4124 oannis
1299 4058 1373 4123 reli-

17 4205 19 4222 ,
149 4146 226 4228 quis
241 4146 418 4228 generatim
429 4145 567 4225 dill'erre,
582 4147 697 4210 mirum
712 4164 783 4211 esse
797 4147 917 4227 nequit,
932 4164 1031 4226 quum
1045 4163 1126 4226 opus
1140 4163 1203 4209 non
1218 4144 1260 4209 sit
1274 4144 1373 4209 histo-

148 4232 255 4296 ricum
280 4237 338 4296 aut
363 4231 573 4309 didacticum,
604 4232 661 4297 sed
690 4229 900 4296 revelationes
929 4229 1111 4296 futurorum
1139 4229 1287 4295 exhibeat
1315 4248 1374 4310 per

148 4317 291 4399 grandes
306 4316 460 4398 imagines
475 4316 598 4410 auctori
612 4315 731 4396 factas,
754 4314 870 4397 qrdbus
890 4315 1015 4380 animus
1028 4313 1166 4381 videntis
1180 4332 1219 4380 ac
1233 4314 1373 4379 scriben-

225 4521 234 4552 ¹
252 4517 306 4572 Gir.
318 4517 417 4586 Epiph.
429 4517 502 4570 haer.
516 4517 557 4570 51.
569 4516 603 4581 2.,
615 4516 662 4571 ubi
673 4515 772 4585 Alogos
784 4516 922 4584 loquentes
934 4515 1048 4570 inducit:
1063 4520 1101 4571 Τί
1109 4535 1146 4589 με
1158 4515 1286 4588 maeleth
1300 4514 1372 4570 dno-

150 4584 275 4657 κάλυψις
284 4585 415 4642 Ἰωάννου
428 4583 547 4657 λέγουσά
557 4607 611 4657 μοι
623 4591 689 4658 περὶ
701 4584 773 4641 ἑπτὰ
784 4584 908 4658 ἀγγέλων
919 4590 964 4640 καὶ
976 4583 1049 4640 ἑπτὰ
1060 4589 1223 4656 σαλπίγγων
1236 4587 1258 4636 λ.
