3364 5156
736 273 1021 338 —254—

267 443 416 529 Apostoli
433 443 554 508 Itomae
577 443 714 528 primam
740 455 768 506 ot
790 443 974 525 secondom,
1000 442 1098 524 idque
1122 444 1262 524 probare
1286 444 1431 508 nituntur
1454 463 1490 509 ex

269 529 382 594 eodem
397 528 466 593 loco
481 529 505 592 l.
522 528 600 593 Tim.
618 530 650 608 l,
667 529 713 607 3.,
728 528 784 592 ubi
799 528 985 594 Timotheus
999 528 1121 610 Ephesi
1134 529 1265 594 relictus
1281 548 1353 594 esse
1367 529 1490 611 legitur,

268 620 306 679 ut
320 614 512 696 quibusdam
527 613 737 694 praeciperet,
751 614 915 694 „crealiter
926 614 1073 687 docerem,
1088 638 1186 700 neque
1196 615 1491 699 intenderentfaba-

269 699 311 763 tte
325 713 353 762 et
364 699 555 785 ι0000οί00000
568 700 786 779 interminatis,
802 722 880 783 qnae
895 701 1089 783 quaestiones
1098 712 1261 783 praestant
1271 702 1382 785 mapsa,
1400 722 1492 784 qnam

268 784 514 868 notificationem
528 784 606 860 Dei,
623 806 702 866 qnae
717 796 761 846 est
775 782 914 865 enfido.“
942 784 1040 850 Hisce
1056 785 1193 866 supponi
1207 785 1334 864 dicunt,
1350 790 1494 867 tempore

269 873 419 934 exaratae
440 869 536 949 huJ'us
558 867 714 950 epistolae
739 867 837 934 falsos
864 869 1012 936 doctores
1037 870 1263 951 theosophiccs
1284 869 1406 951 Ephesi
1427 871 1495 950 jam

268 955 383 1036 pedem
405 952 525 1033 fixisse,
551 954 611 1019 hoe
633 973 709 1018 vero
731 953 852 1019 factum
872 974 934 1020 non
957 973 1028 1020 esse
1049 960 1125 1020 ante
1144 954 1240 1020 finem
1262 955 1352 1021 tertii
1371 955 1495 1019 itineris

268 1040 377 1118 Pauli,
392 1058 467 1103 nam
481 1040 513 1103 in
529 1040 683 1118 oratione,
699 1058 763 1120 qua
777 1040 953 1121 Apostolus
969 1040 1037 1105 coll.
1052 1041 1123 1105 Act.
1139 1042 1190 1120 20,
1207 1041 1256 1104 17.
1273 1058 1362 1120 seqq.
1393 1040 1496 1104 Mileti
1541 1067 1546 1074 ·

268 1124 466 1207 presbyteris
481 1123 652 1205 Ephesinis
667 1125 835 1204 valedixit,
855 1145 897 1191 ne
910 1125 1009 1191 verbo
1025 1126 1154 1206 quidem
1169 1124 1322 1190 falsorum
1338 1126 1496 1206 ejusmodi

268 1211 436 1276 doctorum
447 1211 516 1292 jam
530 1229 775 1292 progressorum
790 1211 909 1276 mentio
924 1209 977 1292 fit,
1000 1211 1058 1276 sed
1074 1230 1184 1276 eorum
1198 1211 1347 1292 proditus
1367 1209 1495 1275 tuturus

268 1297 397 1361 demum
412 1295 650 1360 annunciatur-J
664 1331 707 1340 -
721 1296 842 1360 Verum

354 1379 389 1462 a)
413 1380 615 1461 Theosophia
636 1380 691 1445 illa
711 1380 743 1445 in
758 1382 836 1447 Asia
858 1381 980 1446 minore
1001 1400 1064 1446 non
1078 1399 1142 1444 una
1157 1399 1230 1446 cum
1243 1381 1399 1462 religione
1415 1381 1496 1445 chri·

269 1465 374 1530 stiana
389 1471 447 1530 aut
462 1465 566 1530 serius
582 1473 677 1530 enata
691 1471 774 1545 erat,
790 1466 848 1532 s'ed
858 1467 926 1549 J'am
940 1472 1036 1531 antea
1049 1467 1133 1531 inter
1148 1466 1168 1530 J
1170 1467 1291 1530 udaeos
1306 1466 1409 1544 culta3
1425 1466 1496 1530 hinc

268 1551 385 1615 mirum
407 1548 506 1630 foret,
532 1550 560 1614 si
581 1569 673 1615 nemo
688 1551 1090 1617 sudam-christianorum
1104 1551 1225 1632 Ephesi
1245 1569 1316 1615 eam
1330 1551 1496 1618 doctrinae

269 1635 472 1717 evangelicae
487 1635 661 1702 obtrudere
675 1642 841 1701 tentasset.
870 1637 1022 1701 Attamen
1037 1637 1182 1717 ejusdem
1196 1636 1338 1702 asseclae
1353 1655 1418 1701 non
1432 1642 1496 1701 sta-

269 1721 328 1786 tim
343 1720 384 1786 ab
399 1721 504 1800 initio,
531 1726 702 1802 praesente
716 1721 888 1802 Apostolo,
915 1723 954 1787 ed
976 1740 1048 1786 cum
1067 1721 1204 1788 audaciai
1227 1722 1433 1803 prodierunt,
1460 1727 1497 1785 ut

269 1807 388 1887 serim,
412 1825 484 1871 cum
505 1806 626 1872 Paulus
649 1807 771 1872 diutius
790 1809 857 1889 jam
880 1826 918 1873 ex
939 1807 1002 1872 illis
1024 1807 1209 1888 regionibus
1230 1807 1376 1886 abesset3
1403 1815 1435 1872 et
1460 1812 1496 1870 ut

170 1937 176 1947 ·
269 1911 380 1958 eorum
402 1891 569 1957 conamina
591 1898 767 1973 coerceret,
794 1893 980 1958 Timotheus
995 1892 1036 1958 ab
1050 1893 1206 1973 Apostolo
1221 1893 1253 1956 in
1269 1893 1366 1958 tertio
1380 1893 1495 1957 itinere

268 1978 453 2044 discedente
467 1976 589 2058 Ephesi
604 1983 675 2043 erat
688 1977 829 2043 relictus.

353 2063 386 2143 d)
408 2062 610 2128 Timotheum
629 2062 670 2127 ab
692 2063 848 2143 Apostolo
869 2063 998 2127 demum
1017 2072 1092 2144 post
1113 2063 1249 2145 primam
1275 2062 1497 2143 captivitatem

268 2149 445 2213 Romanam
459 2147 581 2229 Ephesi
596 2148 781 2229 episcopum
798 2167 869 2214 esse
884 2148 1108 2228 constitutum,
1135 2147 1349 2213 demonstrari
1368 2149 1496 2229 nequit;

169 2297 172 2304 .
266 2233 295 2298 si
310 2239 419 2298 autem
430 2233 498 2314 jam
512 2238 608 2298 antea
621 2232 656 2297 id
670 2231 791 2299 factum
807 2239 892 2313 erat,
909 2239 942 2298 et
957 2233 1087 2314 quidem
1101 2233 1134 2298 in
1148 2233 1245 2300 tertio
1259 2233 1390 2300 itinere:
1410 2234 1497 2314 Apo-

235 2381 237 2386 ,
267 2316 370 2384 stolus
394 2317 596 2382 Timotheum
615 2319 704 2399 justo
724 2319 829 2383 serius
853 2319 1032 2398 docuisset,
1059 2319 1176 2400 quibus
1202 2319 1331 2384 dotibus
1355 2318 1497 2400 praediti

267 2422 340 2470 esse
354 2403 494 2469 debeant
509 2403 651 2484 episcopi
667 2403 893 2486 (presbyteri),
920 2405 1045 2469 diaconi
1068 2409 1100 2470 et
1122 2404 1336 2484 diaconissae,
1365 2410 1399 2469 et
1418 2422 1495 2484 quo·

266 2489 361 2554 modo
376 2489 409 2553 in
424 2506 541 2570 genere
556 2488 691 2554 ecclesia
705 2489 883 2554 ordinanda
898 2489 941 2554 sit
955 2495 1055 2571 atque
1069 2490 1219 2572 regenda.
1234 2525 1277 2534 -

354 2573 384 2655 o)
408 2573 760 2654 QuaeI,Tim.4,12.
787 2575 828 2640 de
854 2579 1017 2640 contemtu
1044 2574 1202 2640 Timothei
1228 2574 1268 2640 ob
1292 2574 1495 2656 juventutem

265 2659 433 2740 legtmtur,
459 2659 573 2724 seriori
587 2659 740 2741 tempori,
767 2678 830 2760 quo
845 2658 899 2726 ille
914 2659 1096 2741 perplures
1108 2661 1175 2742 jam
1189 2678 1289 2725 annos
1304 2659 1346 2724 dc
1361 2659 1495 2724 ecclesia

268 2743 389 2809 Christi
404 2743 525 2825 optime
538 2745 673 2810 meritus
689 2750 774 2825 erat,
797 2746 849 2810 vix
865 2746 1063 2810 conveniunt.
1092 2745 1206 2827 Neque
1221 2745 1294 2810 huic
1317 2745 1495 2810 sententiae

266 2830 361 2896 obest
386 2829 541 2896 monitum
562 2830 595 2895 in
616 2830 657 2895 11.
674 2831 753 2895 Tim.
770 2831 806 2910 2,
829 2831 897 2908 22.;
924 2849 998 2896 nam
1020 2831 1175 2913 iuvenilia
1201 2830 1363 2896 desideria
1386 2829 1495 2896 fovere

267 2915 365 2982 etiam
380 2919 497 2996 potest,
514 2916 646 2996 quinon
661 2915 799 2996 amplius
815 2922 865 2981 est
876 2916 1011 2996 Juvenis.

352 3002 381 3066 3.
411 2998 487 3065 Ata·
498 3000 629 3085 (1000000
643 3001 716 3064 lenio
730 3001 879 3084 optatae
893 2991 1042 3064 inaratae
1056 3000 1141 3064 iliad
1153 3001 1318 3086 assiqnant
1327 3000 1397 3079 iter,
1413 2997 1498 3083 qaod

265 3085 297 3148 A
320 3085 436 3149 ostolas
442 3084 566 3169 Epheso
577 3109 637 3170 per
646 3085 865 3150 Macedoniam
883 3085 1064 3150 Corinthum
1078 3087 1213 3170 manmit
1227 3087 1313 3148 antra
1326 3087 1497 3148 trienninm

266 3109 353 3234 stira
365 3169 489 3254 Ephesi
498 3182 691 3234 namnetem
706 3171 791 3251 (Act.
807 3172 858 3250 20,
873 3171 970 3252 31).2
984 3207 1027 3216 -
1041 3171 1131 3237 Haec
1152 3170 1311 3236 sententia
1333 3169 1495 3252 sequenti·

266 3255 329 3321 bus
344 3256 586 3321 commendatur
599 3255 732 3352 reliquis
745 3254 973 3337 praeferenda:
1450 3340 1456 3352 ⁸

268 3339 537 3507 astitit
550 3339 1494 3507 sitsthttsttlff’tttsetsstis

269 3512 314 3576 7.;
343 3511 453 3593 „Nolo
468 3514 550 3575 eno'on
564 3533 621 3574 nos
635 3511 726 3575 modo
740 3516 772 3573 in
787 3513 923 3574 transita
937 3510 1084 3589 videre,“
1103 3531 1121 3576 0
1140 3511 1181 3574 H.
1199 3509 1270 3576 Gor.
1286 3512 1322 3590 2,
1345 3512 1402 3574 1.;·
1419 3507 1495 3590 „Ne

266 3598 378 3660 iterum
399 3598 433 3658 in
454 3597 584 3660 tristitia
603 3597 725 3660 veniam
747 3596 793 3660 ad
808 3596 899 3675 oos,“
921 3597 970 3676 12,
995 3597 1043 3660 14.
1065 3597 1173 3676 et13,
1199 3597 1241 3659 1.;
1270 3592 1378 3682 τρίτον
1397 3597 1494 3662 τοῦτο

269 3678 849 3847 titulasse.httttt
859 3681 1139 3847 101121ῐὲἲὲῗῖ
1151 3682 1344 3830 iiiiii
1359 3679 1494 3828 titt

637 3818 643 3830 ·
1124 3817 1131 3845 r
1362 3839 1367 3844 .
1422 3815 1428 3827 ·
1486 3813 1493 3842 t

271 3851 386 3914 0-10.
403 3868 473 3914 cum
488 3851 539 3930 20,
554 3853 622 3930 31.;
636 3852 677 3916 in
697 3852 804 3932 priore
827 3852 910 3916 enim
930 3850 999 3916 loco
1014 3851 1188 3931 Apostolus
1209 3870 1268 3932 per
1288 3855 1355 3915 tres
1370 3866 1494 3913 menses

269 3941 303 4001 et
318 3935 488 4014 biennium,
503 3935 536 3999 in
550 3937 652 4001 altero
667 3956 726 4017 per
739 3937 911 4002 triennium
926 3935 1046 4016 Ephesi
1061 3941 1275 4001 commoratus
1287 3953 1358 4000 esse
1368 3933 1494 4015 legitur,

271 4039 354 4102 quae
371 4020 587 4101 discrepantia
603 4022 788 4101 exphcatur,
804 4022 832 4086 si
846 4028 973 4102 tempus
988 4040 1164 4102 paucorum
1179 4021 1345 4100 mensium,
1362 4019 1449 4100 quod
1462 4019 1495 4082 in

269 4106 385 4173 itinere
410 4125 468 4186 per
483 4106 704 4171 Macedoniam
724 4113 756 4172 et
770 4107 925 4172 Achaiam
945 4112 1094 4188 suscepto
1114 4105 1289 4187 Apostolus
1311 4104 1494 4182 consumsit,

271 4192 304 4256 in
318 4193 427 4273 priore
441 4191 511 4256 loco
526 4211 589 4256 non
602 4191 635 4255 in
651 4210 780 4257 censum
794 4192 910 4270 veniat,
926 4191 958 4255 in
973 4190 1075 4256 altero
1090 4202 1199 4257 autem
1213 4193 1318 4256 tribus
1332 4189 1495 4254 mensibus

272 4284 305 4342 et
319 4277 445 4342 biennio
460 4278 608 4341 addatur.

342 4483 352 4512 ¹
368 4477 464 4531 Adslb.
478 4478 575 4531 Maier:
593 4475 750 4544 Einleitung
761 4493 787 4544 p.
800 4477 859 4530 332.
873 4490 944 4544 seqq.

342 4549 353 4581 ²
370 4545 538 4615 Reithmayr:
557 4544 714 4612 Einleitung
725 4561 750 4611 p.
764 4543 823 4598 542.
837 4558 908 4612 seqq.
