3356 5176
783 199 1157 320 ---sc--v

297 417 442 519 Ἰωάννου
466 418 621 518 ἐπιστολὴ
644 420 771 511 πρώτη,
799 423 934 512 πράξεις
953 427 1020 492 τών
1045 422 1247 494 ἀποστόλων.
1297 425 1470 494 Praeterea
1492 427 1527 491 in

301 507 447 573 ommbus
472 505 631 587 epistobs,
661 525 744 588 quae
769 510 968 577 dedicatione
993 512 1149 592 gandent,
1180 512 1336 594 ejusmodi
1360 513 1528 595 inscriptio

302 592 464 675 superflua
477 591 604 672 fuisset,
626 596 658 657 et
673 593 809 676 denique
824 596 963 677 antiqui,
978 602 1016 661 ut
1033 598 1245 661 Tertullianus
1260 603 1293 663 et
1307 615 1332 662 s.
1350 597 1529 683 Chrysorro-

302 689 390 748 που1
416 682 502 746 clare
525 679 700 760 loquuntur
725 679 765 747 de
794 683 907 748 seriori
933 682 1174 763 inscriptionum
1202 683 1336 764 origine3
1366 683 1529 764 posterior

301 775 410 835 tamen
430 767 493 849 ipsi
507 764 672 829 Matthaeo
694 764 808 831 tribuit
830 768 958 833 titulum
980 765 1059 854 εόαγ
1080 768 1199 848 έλιον,2
1222 776 1254 833 et
1273 769 1352 834 haec
1367 769 1529 834 sententia

302 850 521 937 improbabilis
546 869 608 914 non
635 854 701 929 est,
726 852 800 918 inde
823 854 907 920 onim
930 853 1019 935 origo
1068 854 1308 920 enomiuationis
1331 854 1530 935 reliquorum

303 937 538 1021 evangeliorum
563 934 712 1000 facillime
738 939 922 1018 explicatur.
977 939 1085 1004 Etiam
1110 940 1274 1020 inscriptio
1301 939 1455 1021 epistolae
1484 941 1530 1004 ad

302 1026 483 1092 Hebraeos:
509 1021 593 1170 πρός
603 1017 775 1107 Ἑβραίους
797 1024 859 1106 ipsi
874 1025 998 1089 auctori
1021 1024 1175 1106 originem
1195 1025 1313 1091 debere
1334 1026 1468 1091 videtur.
1484 1061 1530 1070 —-—

304 1113 409 1190 Quum
419 1127 494 1174 vero
506 1126 542 1172 co
555 1105 707 1171 lectiones
722 1107 876 1174 librorum
890 1114 1072 1175 nostrorum
1087 1108 1209 1191 fiarent,
1224 1111 1404 1177 accuratior
1417 1130 1529 1176 eorum

302 1217 361 1280 per
384 1194 496 1260 titulos
522 1191 684 1257 distinctio
709 1196 889 1260 necessaria
918 1201 996 1261 erat.
1050 1196 1301 1276 Antiquissimae
1329 1201 1437 1262 autem
1466 1197 1530 1261 hae

302 1281 526 1363 inscriptiones
542 1277 795 1357 simplicissimae
811 1285 911 1361 erant,
926 1301 954 1345 v.
966 1301 995 1362 g.
1012 1277 1222 1366 (εὐαγγέλου)
1238 1282 1319 1348 κατὰ
1336 1285 1528 1362 Mandalos,

303 1369 384 1436 κατὰ
409 1366 546 1454 Μάρκον
561 1367 635 1443 ete,
658 1365 791 1451 πράξεις
812 1369 878 1433 τών
900 1363 1104 1446 ἀποστόλων,
1130 1367 1216 1454 πρὸς
1226 1363 1420 1452 Ῥωμαίους,
1444 1367 1530 1452 πρὸς

305 1449 504 1540 Κορινθίους
521 1448 636 1538 πρώτη
652 1453 711 1514 etc.
752 1451 850 1516 Tituli
864 1452 898 1516 hi
913 1452 1015 1516 serius
1030 1452 1117 1516 vario
1133 1453 1227 1517 modo
1243 1451 1529 1534 amplificabantur‚

304 1559 332 1604 v.
355 1557 384 1620 g.
407 1538 445 1604 τὸ
470 1535 552 1601 κατὰ
579 1540 763 1602 Mandalos
792 1535 883 1622 ίίγιον
908 1535 1100 1621 εὐαγγέλιον.
1152 1541 1272 1605 Λουκᾶ
1300 1534 1530 1622 εὐαγγελιστοῦ

304 1624 440 1711 πράξεις
463 1617 662 1688 ἀποστόλων.
694 1620 778 1708 πρὸς
793 1620 974 1708 Ῥωμαίους
996 1622 1128 1689 Παύλου
1153 1623 1318 1713 ἐπιστολή.
1348 1625 1408 1689 τοῦ
1431 1619 1528 1707 ἁγίου

304 1707 490 1776 ἀποστόλου
506 1713 547 1772 Π.
563 1705 720 1794 ἐπιστολὴ
739 1708 823 1793 πρὸς
834 1704 1021 1792 Ῥωμαίους.
1044 1711 1102 1774 τοῦ
1124 1706 1218 1793 ἁγίου
1238 1709 1294 1774 καί
1313 1709 1527 1798 πανευφήμου

305 1792 489 1862 ἀποστόλου
506 1791 640 1858 Παύλου
656 1791 812 1881 ἐπιστολὴ
828 1793 910 1880 πρός
924 1791 1125 1881 Κορινθίους
1138 1794 1252 1882 πρώτη
1268 1797 1349 1859 etc³
1437 1804 1438 1807 ’

390 1876 647 1958 Subscriptiones
662 1877 703 1942 ab
723 1878 813 1943 initio
835 1883 1016 1959 nouerant,
1038 1878 1099 1943 nisi
1118 1879 1360 1960 inscriptionum
1379 1878 1528 1960 repetitio

304 1967 377 2032 ideo
391 1963 486 2044 iacta,
501 1968 538 2027 ut
552 1963 748 2028 voluminum
762 1964 847 2029 tituli
862 1963 927 2030 fors
942 1964 983 2029 ab
999 1964 1088 2029 initio
1103 1964 1183 2030 laesi
1196 1966 1239 2029 ad
1252 1964 1348 2030 finem
1362 1983 1529 2030 conserva-

305 2056 431 2130 rentur,
458 2049 561 2114 serius
586 2055 694 2114 autem
717 2069 735 2114 e
757 2050 930 2115 traditione
952 2056 985 2115 et
1006 2051 1140 2114 Patrum
1165 2050 1399 2116 commentariis
1421 2050 1529 2115 variae

306 2137 507 2203 addebantur
521 2134 655 2199 notitiae
670 2135 710 2199 de
725 2139 885 2215 tempore,
909 2155 972 2216 quo
988 2140 1020 2200 et
1035 2135 1174 2216 deloco,
1196 2136 1252 2200 ubi
1273 2136 1347 2200 libri
1362 2135 1425 2201 sint
1441 2135 1528 2215 editi,

305 2243 364 2305 per
385 2239 465 2302 quos
484 2219 665 2285 transmissi
686 2223 718 2285 et
738 2220 869 2298 similia;
893 2240 921 2284 v.
937 2240 966 2302 g.
986 2220 1023 2287 τὸ
1045 2221 1127 2287 κατὰ
1142 2228 1327 2288 Ματθαῖον
1345 2217 1530 2306 εὐαγγέλιον

306 2308 446 2394 ἐξεδόθη
469 2301 525 2371 ὑπ’
542 2301 640 2371 αὐτοῦ
666 2304 700 2371 ἒν
715 2303 945 2393 Ἱεροσολύμοις
966 2305 1048 2390 μετὰ
1071 2305 1203 2390 χρόνους
1220 2333 1239 2395 η
1260 2309 1317 2395 τῆς
1337 2331 1395 2373 του
1418 2303 1528 2394 κυρίου

307 2391 505 2482 ἀναλήψεως.
525 2389 563 2457 τὸ
582 2390 664 2456 κατὰ
679 2391 816 2478 Μάρκον
830 2387 1021 2476 εὐαγγέλιον·
1031 2389 1171 2480 ἐξεδόθη
1192 2391 1275 2476 μετὰ
1295 2390 1429 2480 χρόνους
1443 2398 1458 2458 ῑ
1471 2395 1528 2458 τοῦ

308 2481 454 2567 Χριστοῦ
475 2473 666 2565 ἀναλήψεως
680 2511 723 2520 -
737 2511 780 2520 -—
794 2471 1005 2564 δπογορεόθη
1027 2477 1063 2542 δὲ
1083 2475 1151 2542 ὑπὸ
1172 2477 1356 2561 πνεύματος
1378 2476 1412 2542 ἐν
1424 2473 1528 2566 Ῥώμη

307 2570 366 2630 etc.
410 2563 519 2628 Etiam
532 2560 712 2640 Euthalius‚
726 2563 759 2627 in
775 2561 918 2642 epistolis
933 2561 1026 2625 Pauli
1040 2562 1209 2626 maximam
1223 2566 1348 2644 partem
1367 2565 1530 2627 auctorem

238 2661 240 2663 ’
307 2668 481 2733 synopseos
501 2667 526 2712 s.
542 2647 721 2728 scripturae
742 2651 885 2728 secutus,
911 2647 1013 2711 textui
1036 2666 1093 2711 suo
1116 2648 1351 2714 stichometrico
1375 2648 1531 2730 ejusmodi

308 2735 558 2817 subscriptiones
572 2733 741 2812 inseruit,4
761 2739 794 2798 et
808 2733 939 2798 eaedem
953 2733 985 2798 in
999 2731 1170 2815 plerosque
1185 2734 1311 2800 codices
1325 2734 1530 2800 transierunt.

528 2987 691 3063 Historia
707 2994 828 3063 textus
846 2988 1093 3084 manuscripti,
1112 2996 1147 3071 et
1165 2987 1307 3085 quidem

761 3167 1006 3223 samonaos
1028 3168 1074 3222 11.

369 3303 533 3396 respectu
550 3295 721 3369 materiae
740 3317 804 3368 seu
822 3294 867 3368 de
883 3295 1072 3370 lectionum
1090 3297 1304 3372 variantium
1323 3297 1469 3395 origine.

867 3481 895 3564 ξ.
918 3484 969 3550 40.

756 3664 758 3667 ,
816 3619 1020 3683 Conspectus.

394 3776 529 3841 Tantum
550 3791 676 3838 sacrum
697 3775 794 3839 etiam
816 3775 848 3839 in
870 3775 1005 3840 materia
1029 3794 1141 3841 revera
1166 3776 1303 3842 subiisse
1327 3777 1529 3858 mutationes,

308 3863 461 3930 lectiones
475 3859 635 3926 variantes
650 3863 818 3925 testantur.
861 3862 913 3925 Ab
933 3860 1102 3927 haereticis
1118 3880 1159 3926 ss,
1181 3862 1335 3927 librorum
1355 3866 1477 3930 textum
1497 3864 1529 3927 in

313 4034 507 4046 .......--—·

309 4203 350 4258 Ro
378 4139 388 4170 ¹
406 4129 833 4188 casamassancia
844 4131 890 4186 IV.
903 4133 927 4186 2.
941 4133 965 4186 5.
979 4132 1019 4184 11.
1034 4131 1074 4184 17.
1102 4130 1238 4202 chrysost.
1254 4131 1345 4186 homil.
1358 4133 1379 4188 Ι.
1396 4133 1424 4187 in
1441 4149 1482 4203 ep.
1494 4133 1527 4187 ad

350 4219 385 4256 m.

377 4275 388 4306 ²
405 4270 503 4325 Homil.
515 4269 536 4323 Ι.
549 4269 578 4323 in
589 4267 685 4323 Matth.
697 4268 781 4336 praef.
795 4267 937 4324 didicerim
951 4267 1111 4340 εὐαγγέλιον
1123 4266 1151 4322 τ’
1186 4272 1314 4340 ἱστορίαν
1326 4268 1461 4328 ἐκάλεσεν.

377 4340 460 4394 ⁸Gfr.
475 4338 571 4394 Schola
582 4338 616 4393 N.
629 4336 660 4391 T.
672 4337 961 4406 graecumadinitium
974 4288 1286 4405 singulorum'iibrorum.
1501 4343 1503 4348 '

378 4411 389 4442 ⁴
407 4407 440 4463 V.
452 4425 477 4478 g.
497 4407 571 4481 πρὸς
583 4406 734 4480 Ῥωμαίους
754 4406 860 4479 ἐγράφη
882 4404 939 4460 ἀπὸ
957 4413 1103 4476 Κορίνθου
1124 4405 1172 4462 διὰ
1193 4414 1299 4477 Φοίβης
1320 4409 1373 4475 τῆς
1388 4405 1526 4470 διακόνου,

313 4481 383 4550 στίχ.
397 4477 454 4532 ποί
468 4475 541 4551 πρὸς
551 4482 725 4565 Κορινθίους
742 4474 838 4545 πρώτη
851 4474 889 4545 (ά)
907 4473 1013 4548 ἐγράφη
1029 4472 1086 4530 ἀπό
1102 4480 1259 4531 Φιλίππων
1271 4474 1325 4556 ,διὰ
1335 4483 1391 4532 Στε
1416 4478 1470 4533 ανιῖ
1484 4479 1527 4529 καὶ

267 4583 269 4588 ,
317 4545 535 4618 Φουρτουνάτου
546 4549 592 4600 καί
601 4549 727 4616 Αχαίιιου
739 4550 785 4598 καὶ
799 4548 945 4619 Τιμοθέου
958 4548 1030 4613 στίχ.
1043 4541 1088 4598 ωό.
1112 4541 1152 4598 Cf.
1161 4543 1279 4614 Zitoagm
1290 4545 1308 4599 l.
1317 4545 1335 4599 l.
1347 4562 1373 4614 p.
1386 4497 1445 4599 ἧς).
1458 4559 1526 4612 seqq.
