<?xml version="1.0" encoding="UTF-8"?>
<!DOCTYPE html PUBLIC "-//W3C//DTD XHTML 1.0 Transitional//EN"
    "http://www.w3.org/TR/xhtml1/DTD/xhtml1-transitional.dtd">
<html xmlns="http://www.w3.org/1999/xhtml" xml:lang="en" lang="en">
 <head>
  <title>
</title>
<meta http-equiv="Content-Type" content="text/html;charset=utf-8" />
  <meta name='ocr-system' content='tesseract 3.04.00' />
  <meta name='ocr-capabilities' content='ocr_page ocr_carea ocr_par ocr_line ocrx_word'/>
</head>
<body>
  <div class='ocr_page' id='page_1' title='image "./introductioinsa00gngoog_0334.png"; bbox 0 0 3428 5180; ppageno 0'>
   <div class='ocr_carea' id='block_1_1' title="bbox 662 284 946 350">
    <p class='ocr_par' dir='ltr' id='par_1_1' title="bbox 662 284 946 350">
     <span class='ocr_line' id='line_1_1' title="bbox 662 284 946 350; baseline -0.007 0"><span class='ocrx_word' id='word_1_1' title='bbox 662 284 946 350; x_wconf 52' lang='lat'><strong>*321—</strong></span> 
     </span>
    </p>
   </div>
   <div class='ocr_carea' id='block_1_2' title="bbox 190 452 1417 1643">
    <p class='ocr_par' dir='ltr' id='par_1_2' title="bbox 191 452 1415 621">
     <span class='ocr_line' id='line_1_2' title="bbox 191 452 1415 540; baseline 0.006 -22"><span class='ocrx_word' id='word_1_2' title='bbox 191 453 276 518; x_wconf 91' lang='lat' dir='ltr'>inter</span> <span class='ocrx_word' id='word_1_3' title='bbox 297 452 434 518; x_wconf 89' lang='lat' dir='ltr'>lectores</span> <span class='ocrx_word' id='word_1_4' title='bbox 455 471 518 519; x_wconf 88' lang='lat' dir='ltr'>uon</span> <span class='ocrx_word' id='word_1_5' title='bbox 540 460 631 520; x_wconf 91' lang='lat' dir='ltr'>erant</span> <span class='ocrx_word' id='word_1_6' title='bbox 648 454 777 519; x_wconf 88' lang='lat' dir='ltr'>versati.</span> <span class='ocrx_word' id='word_1_7' title='bbox 822 453 910 518; x_wconf 91' lang='lat' dir='ltr'>Nihil</span> <span class='ocrx_word' id='word_1_8' title='bbox 930 454 1040 537; x_wconf 89' lang='lat' dir='ltr'>itaque</span> <span class='ocrx_word' id='word_1_9' title='bbox 1060 455 1122 522; x_wconf 92' lang='lat' dir='ltr'>bac</span> <span class='ocrx_word' id='word_1_10' title='bbox 1137 461 1281 538; x_wconf 83' lang='lat' dir='ltr'>exparte</span> <span class='ocrx_word' id='word_1_11' title='bbox 1296 456 1415 540; x_wconf 82' lang='lat' dir='ltr'>obstat,</span> 
     </span>
     <span class='ocr_line' id='line_1_3' title="bbox 192 537 1413 621; baseline 0.005 -19"><span class='ocrx_word' id='word_1_12' title='bbox 192 537 361 621; x_wconf 86' lang='lat' dir='ltr'>quominus</span> <span class='ocrx_word' id='word_1_13' title='bbox 375 539 396 603; x_wconf 86' lang='lat' dir='ltr'>J</span> <span class='ocrx_word' id='word_1_14' title='bbox 397 537 494 604; x_wconf 90' lang='lat' dir='ltr'>udam</span> <span class='ocrx_word' id='word_1_15' title='bbox 509 538 717 605; x_wconf 89' lang='lat' dir='ltr'>Thaddaeum</span> <span class='ocrx_word' id='word_1_16' title='bbox 732 538 887 620; x_wconf 90' lang='lat' dir='ltr'>epistolae</span> <span class='ocrx_word' id='word_1_17' title='bbox 901 543 1031 606; x_wconf 88' lang='lat' dir='ltr'>nostrae</span> <span class='ocrx_word' id='word_1_18' title='bbox 1049 539 1226 606; x_wconf 82' lang='lat' dir='ltr'><strong>habeamus</strong></span> <span class='ocrx_word' id='word_1_19' title='bbox 1240 547 1413 609; x_wconf 81' lang='lat' dir='ltr'><strong>auctorem.</strong></span> 
     </span>
    </p>

    <p class='ocr_par' dir='ltr' id='par_1_3' title="bbox 190 623 1417 1643">
     <span class='ocr_line' id='line_1_4' title="bbox 278 623 1414 708; baseline 0.006 -21"><span class='ocrx_word' id='word_1_20' title='bbox 278 623 300 687; x_wconf 87' lang='lat' dir='ltr'>J</span> <span class='ocrx_word' id='word_1_21' title='bbox 301 624 381 689; x_wconf 85' lang='lat' dir='ltr'>udas</span> <span class='ocrx_word' id='word_1_22' title='bbox 396 624 416 688; x_wconf 87' lang='lat' dir='ltr'>J</span> <span class='ocrx_word' id='word_1_23' title='bbox 418 624 525 706; x_wconf 89' lang='lat' dir='ltr'>acobi,</span> <span class='ocrx_word' id='word_1_24' title='bbox 541 624 569 689; x_wconf 93' lang='lat' dir='ltr'>si</span> <span class='ocrx_word' id='word_1_25' title='bbox 583 623 810 706; x_wconf 90' lang='lat' dir='ltr'>Apostolomm</span> <span class='ocrx_word' id='word_1_26' title='bbox 826 623 989 707; x_wconf 72' lang='lat' dir='ltr'>catdogos</span> <span class='ocrx_word' id='word_1_27' title='bbox 1004 625 1156 708; x_wconf 84' lang='lat' dir='ltr'>excipias,</span> <span class='ocrx_word' id='word_1_28' title='bbox 1171 625 1204 691; x_wconf 91' lang='lat' dir='ltr'>in</span> <span class='ocrx_word' id='word_1_29' title='bbox 1218 624 1258 692; x_wconf 91' lang='lat' dir='ltr'>N.</span> <span class='ocrx_word' id='word_1_30' title='bbox 1273 626 1309 692; x_wconf 84' lang='lat' dir='ltr'>T.</span> <span class='ocrx_word' id='word_1_31' title='bbox 1323 628 1414 694; x_wconf 90' lang='lat' dir='ltr'>libris</span> 
     </span>
     <span class='ocr_line' id='line_1_5' title="bbox 192 708 1415 792; baseline 0.004 -18"><span class='ocrx_word' id='word_1_32' title='bbox 192 708 316 774; x_wconf 89' lang='lat' dir='ltr'>nonnisi</span> <span class='ocrx_word' id='word_1_33' title='bbox 331 709 429 774; x_wconf 87' lang='lat' dir='ltr'>semel</span> <span class='ocrx_word' id='word_1_34' title='bbox 443 709 561 791; x_wconf 87' lang='lat' dir='ltr'>adbuc,</span> <span class='ocrx_word' id='word_1_35' title='bbox 588 711 609 774; x_wconf 89' lang='lat' dir='ltr'><strong>J</strong></span> <span class='ocrx_word' id='word_1_36' title='bbox 611 730 638 775; x_wconf 94' lang='lat' dir='ltr'>o.</span> <span class='ocrx_word' id='word_1_37' title='bbox 656 711 709 790; x_wconf 85' lang='lat'>14,</span> <span class='ocrx_word' id='word_1_38' title='bbox 724 710 775 774; x_wconf 81' lang='lat'>22.</span> <span class='ocrx_word' id='word_1_39' title='bbox 799 716 1081 792; x_wconf 84' lang='lat' dir='ltr'>commemoratur,</span> <span class='ocrx_word' id='word_1_40' title='bbox 1108 714 1141 776; x_wconf 91' lang='lat' dir='ltr'>et</span> <span class='ocrx_word' id='word_1_41' title='bbox 1162 711 1260 778; x_wconf 91' lang='lat' dir='ltr'>etiam</span> <span class='ocrx_word' id='word_1_42' title='bbox 1279 712 1415 779; x_wconf 88' lang='lat' dir='ltr'>historia</span> 
     </span>
     <span class='ocr_line' id='line_1_6' title="bbox 192 794 1416 879; baseline 0.003 -19"><span class='ocrx_word' id='word_1_43' title='bbox 192 795 262 876; x_wconf 86' lang='lat' dir='ltr'>ejus</span> <span class='ocrx_word' id='word_1_44' title='bbox 277 794 378 859; x_wconf 90' lang='lat' dir='ltr'>serior</span> <span class='ocrx_word' id='word_1_45' title='bbox 391 794 513 860; x_wconf 90' lang='lat' dir='ltr'>incerta</span> <span class='ocrx_word' id='word_1_46' title='bbox 528 799 587 861; x_wconf 91' lang='lat' dir='ltr'>est.</span> <span class='ocrx_word' id='word_1_47' title='bbox 622 794 657 862; x_wconf 91' lang='lat' dir='ltr'>Si</span> <span class='ocrx_word' id='word_1_48' title='bbox 671 795 903 861; x_wconf 90' lang='lat' dir='ltr'>recentioribus</span> <span class='ocrx_word' id='word_1_49' title='bbox 918 795 992 862; x_wconf 90' lang='lat' dir='ltr'>eccl.</span> <span class='ocrx_word' id='word_1_50' title='bbox 1008 795 1218 879; x_wconf 77' lang='lat' dir='ltr'>scriptoribus</span> <span class='ocrx_word' id='word_1_51' title='bbox 1232 794 1314 864; x_wconf 92' lang='lat' dir='ltr'>fides</span> <span class='ocrx_word' id='word_1_52' title='bbox 1329 805 1416 864; x_wconf 89' lang='lat' dir='ltr'>esset</span> 
     </span>
     <span class='ocr_line' id='line_1_7' title="bbox 190 879 1416 964; baseline 0.004 -21"><span class='ocrx_word' id='word_1_53' title='bbox 190 879 353 959; x_wconf 88' lang='lat' dir='ltr'>habenda,</span> <span class='ocrx_word' id='word_1_54' title='bbox 379 879 482 944; x_wconf 84' lang='lat' dir='ltr'>ludas</span> <span class='ocrx_word' id='word_1_55' title='bbox 502 879 606 960; x_wconf 90' lang='lat' dir='ltr'>primo</span> <span class='ocrx_word' id='word_1_56' title='bbox 627 879 661 944; x_wconf 91' lang='lat' dir='ltr'>in</span> <span class='ocrx_word' id='word_1_57' title='bbox 675 881 801 946; x_wconf 88' lang='lat' dir='ltr'>Judaea</span> <span class='ocrx_word' id='word_1_58' title='bbox 823 886 856 947; x_wconf 91' lang='lat' dir='ltr'>et</span> <span class='ocrx_word' id='word_1_59' title='bbox 871 881 1016 947; x_wconf 79' lang='lat' dir='ltr'>Galilaea</span> <span class='ocrx_word' id='word_1_60' title='bbox 1033 881 1268 964; x_wconf 82' lang='lat' dir='ltr'>praedicasset,</span> <span class='ocrx_word' id='word_1_61' title='bbox 1294 882 1368 948; x_wconf 89' lang='lat' dir='ltr'>dein</span> <span class='ocrx_word' id='word_1_62' title='bbox 1382 883 1416 948; x_wconf 90' lang='lat' dir='ltr'>in</span> 
     </span>
     <span class='ocr_line' id='line_1_8' title="bbox 191 964 1417 1049; baseline 0.003 -19"><span class='ocrx_word' id='word_1_63' title='bbox 191 964 339 1030; x_wconf 85' lang='lat' dir='ltr'>Samaria</span> <span class='ocrx_word' id='word_1_64' title='bbox 354 969 387 1029; x_wconf 94' lang='lat' dir='ltr'>et</span> <span class='ocrx_word' id='word_1_65' title='bbox 400 964 566 1046; x_wconf 86' lang='lat' dir='ltr'>idumaea,</span> <span class='ocrx_word' id='word_1_66' title='bbox 591 984 688 1046; x_wconf 90' lang='lat' dir='ltr'>porro</span> <span class='ocrx_word' id='word_1_67' title='bbox 703 967 736 1031; x_wconf 91' lang='lat' dir='ltr'>in</span> <span class='ocrx_word' id='word_1_68' title='bbox 751 966 843 1048; x_wconf 85' lang='lat' dir='ltr'>Syria</span> <span class='ocrx_word' id='word_1_69' title='bbox 858 971 892 1032; x_wconf 93' lang='lat' dir='ltr'>et</span> <span class='ocrx_word' id='word_1_70' title='bbox 905 965 1035 1048; x_wconf 82' lang='lat' dir='ltr'>Arabis,</span> <span class='ocrx_word' id='word_1_71' title='bbox 1057 971 1091 1033; x_wconf 90' lang='lat' dir='ltr'>et</span> <span class='ocrx_word' id='word_1_72' title='bbox 1105 965 1242 1049; x_wconf 85' lang='lat' dir='ltr'>denique</span> <span class='ocrx_word' id='word_1_73' title='bbox 1256 966 1289 1032; x_wconf 92' lang='lat' dir='ltr'>in</span> <span class='ocrx_word' id='word_1_74' title='bbox 1303 966 1417 1034; x_wconf 85' lang='lat' dir='ltr'>Persia</span> 
     </span>
     <span class='ocr_line' id='line_1_9' title="bbox 191 1049 1417 1136; baseline 0.003 -22"><span class='ocrx_word' id='word_1_75' title='bbox 191 1049 381 1130; x_wconf 85' lang='lat' dir='ltr'>martyrium</span> <span class='ocrx_word' id='word_1_76' title='bbox 396 1049 578 1116; x_wconf 89' lang='lat' dir='ltr'>subiisset¹</span> <span class='ocrx_word' id='word_1_77' title='bbox 601 1051 780 1134; x_wconf 87' lang='lat' dir='ltr'>Scriptores</span> <span class='ocrx_word' id='word_1_78' title='bbox 792 1051 945 1134; x_wconf 87' lang='lat' dir='ltr'>Syrorum</span> <span class='ocrx_word' id='word_1_79' title='bbox 959 1052 1001 1118; x_wconf 91' lang='lat' dir='ltr'>de</span> <span class='ocrx_word' id='word_1_80' title='bbox 1014 1052 1180 1118; x_wconf 88' lang='lat' dir='ltr'>activitate</span> <span class='ocrx_word' id='word_1_81' title='bbox 1194 1052 1263 1134; x_wconf 88' lang='lat' dir='ltr'>ejus</span> <span class='ocrx_word' id='word_1_82' title='bbox 1277 1051 1311 1117; x_wconf 93' lang='lat' dir='ltr'>in</span> <span class='ocrx_word' id='word_1_83' title='bbox 1322 1053 1417 1136; x_wconf 86' lang='lat' dir='ltr'>Syria</span> 
     </span>
     <span class='ocr_line' id='line_1_10' title="bbox 191 1135 1417 1218; baseline 0.003 -19"><span class='ocrx_word' id='word_1_84' title='bbox 191 1135 362 1214; x_wconf 89' lang='lat' dir='ltr'>ulteriore,</span> <span class='ocrx_word' id='word_1_85' title='bbox 388 1135 420 1199; x_wconf 92' lang='lat' dir='ltr'>in</span> <span class='ocrx_word' id='word_1_86' title='bbox 435 1136 542 1218; x_wconf 88' lang='lat' dir='ltr'>specie</span> <span class='ocrx_word' id='word_1_87' title='bbox 555 1135 700 1202; x_wconf 87' lang='lat' dir='ltr'>Edessae</span> <span class='ocrx_word' id='word_1_88' title='bbox 721 1140 871 1218; x_wconf 75' lang='lat' dir='ltr'>nonant,</span> <span class='ocrx_word' id='word_1_89' title='bbox 897 1137 974 1218; x_wconf 90' lang='lat' dir='ltr'>quin</span> <span class='ocrx_word' id='word_1_90' title='bbox 991 1142 1099 1204; x_wconf 75' lang='lat' dir='ltr'>tamm</span> <span class='ocrx_word' id='word_1_91' title='bbox 1120 1136 1334 1218; x_wconf 83' lang='lat' dir='ltr'>consentiant3</span> <span class='ocrx_word' id='word_1_92' title='bbox 1360 1137 1417 1203; x_wconf 94' lang='lat' dir='ltr'>alii</span> 
     </span>
     <span class='ocr_line' id='line_1_11' title="bbox 192 1218 1416 1306; baseline 0.002 -20"><span class='ocrx_word' id='word_1_93' title='bbox 192 1220 277 1286; x_wconf 92' lang='lat' dir='ltr'>enim</span> <span class='ocrx_word' id='word_1_94' title='bbox 288 1218 372 1284; x_wconf 89' lang='lat' dir='ltr'>Adai</span> <span class='ocrx_word' id='word_1_95' title='bbox 387 1219 622 1303; x_wconf 78' lang='lat' dir='ltr'>(lbaddacum)</span> <span class='ocrx_word' id='word_1_96' title='bbox 637 1222 801 1288; x_wconf 89' lang='lat' dir='ltr'>nominant</span> <span class='ocrx_word' id='word_1_97' title='bbox 815 1242 897 1302; x_wconf 89' lang='lat' dir='ltr'>eum,</span> <span class='ocrx_word' id='word_1_98' title='bbox 913 1222 968 1304; x_wconf 90' lang='lat' dir='ltr'>qui</span> <span class='ocrx_word' id='word_1_99' title='bbox 978 1223 1067 1304; x_wconf 86' lang='lat' dir='ltr'>Syris</span> <span class='ocrx_word' id='word_1_100' title='bbox 1080 1223 1203 1304; x_wconf 87' lang='lat' dir='ltr'>primus</span> <span class='ocrx_word' id='word_1_101' title='bbox 1217 1221 1416 1306; x_wconf 86' lang='lat' dir='ltr'>evangelium</span> 
     </span>
     <span class='ocr_line' id='line_1_12' title="bbox 190 1305 1416 1391; baseline 0.003 -21"><span class='ocrx_word' id='word_1_102' title='bbox 190 1305 454 1385; x_wconf 73' lang='lat' dir='ltr'>annunciasset32</span> <span class='ocrx_word' id='word_1_103' title='bbox 478 1305 534 1372; x_wconf 90' lang='lat' dir='ltr'>alii</span> <span class='ocrx_word' id='word_1_104' title='bbox 555 1307 653 1373; x_wconf 93' lang='lat' dir='ltr'>hocce</span> <span class='ocrx_word' id='word_1_105' title='bbox 673 1307 823 1373; x_wconf 91' lang='lat' dir='ltr'>meritum</span> <span class='ocrx_word' id='word_1_106' title='bbox 842 1307 999 1390; x_wconf 91' lang='lat' dir='ltr'>discipulo</span> <span class='ocrx_word' id='word_1_107' title='bbox 1020 1308 1163 1391; x_wconf 92' lang='lat' dir='ltr'>ejusdem</span> <span class='ocrx_word' id='word_1_108' title='bbox 1184 1307 1319 1374; x_wconf 87' lang='lat' dir='ltr'>nominis</span> <span class='ocrx_word' id='word_1_109' title='bbox 1340 1307 1416 1374; x_wconf 83' lang='lat' dir='ltr'>elO</span> 
     </span>
     <span class='ocr_line' id='line_1_13' title="bbox 191 1391 1416 1475; baseline 0.002 -20"><span class='ocrx_word' id='word_1_110' title='bbox 191 1410 325 1456; x_wconf 89' lang='lat' dir='ltr'>numero</span> <span class='ocrx_word' id='word_1_111' title='bbox 346 1391 531 1470; x_wconf 75' lang='lat' dir='ltr'>tribuunt,³</span> <span class='ocrx_word' id='word_1_112' title='bbox 555 1392 639 1457; x_wconf 88' lang='lat' dir='ltr'>Adai</span> <span class='ocrx_word' id='word_1_113' title='bbox 659 1393 851 1475; x_wconf 83' lang='lat' dir='ltr'>Apostolum</span> <span class='ocrx_word' id='word_1_114' title='bbox 874 1412 947 1460; x_wconf 92' lang='lat' dir='ltr'>eum</span> <span class='ocrx_word' id='word_1_115' title='bbox 970 1394 1073 1460; x_wconf 90' lang='lat' dir='ltr'>serius</span> <span class='ocrx_word' id='word_1_116' title='bbox 1099 1399 1259 1475; x_wconf 91' lang='lat' dir='ltr'>secutum,</span> <span class='ocrx_word' id='word_1_117' title='bbox 1285 1393 1358 1459; x_wconf 91' lang='lat' dir='ltr'>dein</span> <span class='ocrx_word' id='word_1_118' title='bbox 1382 1393 1416 1458; x_wconf 90' lang='lat' dir='ltr'>in</span> 
     </span>
     <span class='ocr_line' id='line_1_14' title="bbox 191 1475 1416 1560; baseline 0.003 -20"><span class='ocrx_word' id='word_1_119' title='bbox 191 1476 360 1557; x_wconf 86' lang='lat' dir='ltr'>Assyriam</span> <span class='ocrx_word' id='word_1_120' title='bbox 373 1475 552 1556; x_wconf 84' lang='lat' dir='ltr'>proiectum</span> <span class='ocrx_word' id='word_1_121' title='bbox 567 1482 600 1543; x_wconf 91' lang='lat' dir='ltr'>et</span> <span class='ocrx_word' id='word_1_122' title='bbox 613 1482 689 1560; x_wconf 90' lang='lat' dir='ltr'>post</span> <span class='ocrx_word' id='word_1_123' title='bbox 702 1479 842 1544; x_wconf 90' lang='lat' dir='ltr'>reditum</span> <span class='ocrx_word' id='word_1_124' title='bbox 856 1479 889 1542; x_wconf 91' lang='lat' dir='ltr'>in</span> <span class='ocrx_word' id='word_1_125' title='bbox 904 1478 1076 1546; x_wconf 89' lang='lat' dir='ltr'>Phoenicia</span> <span class='ocrx_word' id='word_1_126' title='bbox 1089 1479 1226 1546; x_wconf 90' lang='lat' dir='ltr'>Barutbi</span> <span class='ocrx_word' id='word_1_127' title='bbox 1243 1482 1301 1544; x_wconf 90' lang='lat' dir='ltr'>aut</span> <span class='ocrx_word' id='word_1_128' title='bbox 1314 1477 1416 1546; x_wconf 91' lang='lat' dir='ltr'>Aradi</span> 
     </span>
     <span class='ocr_line' id='line_1_15' title="bbox 191 1561 923 1643; baseline 0.003 -17"><span class='ocrx_word' id='word_1_129' title='bbox 191 1561 340 1642; x_wconf 89' lang='lat' dir='ltr'>martyrii</span> <span class='ocrx_word' id='word_1_130' title='bbox 353 1561 460 1643; x_wconf 80' lang='lat' dir='ltr'>palmi</span> <span class='ocrx_word' id='word_1_131' title='bbox 475 1567 661 1628; x_wconf 90' lang='lat' dir='ltr'>coronatum</span> <span class='ocrx_word' id='word_1_132' title='bbox 677 1581 748 1630; x_wconf 88' lang='lat' dir='ltr'>essa</span> <span class='ocrx_word' id='word_1_133' title='bbox 762 1565 923 1630; x_wconf 66' lang='lat' dir='ltr'>tradunt.⁴</span> 
     </span>
    </p>
   </div>
   <div class='ocr_carea' id='block_1_3' title="bbox 746 1782 864 1880">
    <p class='ocr_par' dir='ltr' id='par_1_4' title="bbox 746 1782 864 1880">
     <span class='ocr_line' id='line_1_16' title="bbox 746 1782 864 1880; baseline 0 -32"><span class='ocrx_word' id='word_1_134' title='bbox 746 1782 864 1880; x_wconf 69' lang='lat' dir='ltr'>aare.</span> 
     </span>
    </p>
   </div>
   <div class='ocr_carea' id='block_1_4' title="bbox 191 1917 1416 2067">
    <p class='ocr_par' dir='ltr' id='par_1_5' title="bbox 191 1917 1416 2067">
     <span class='ocr_line' id='line_1_17' title="bbox 191 1917 1416 1982; baseline -0.001 -9"><span class='ocrx_word' id='word_1_135' title='bbox 191 1919 321 1979; x_wconf 77' lang='lat' dir='ltr'>Quibus</span> <span class='ocrx_word' id='word_1_136' title='bbox 332 1918 516 1980; x_wconf 84' lang='lat' dir='ltr'>lectoribus,</span> <span class='ocrx_word' id='word_1_137' title='bbox 529 1933 593 1980; x_wconf 85' lang='lat' dir='ltr'>qua</span> <span class='ocrx_word' id='word_1_138' title='bbox 605 1919 781 1980; x_wconf 84' lang='lat' dir='ltr'>occasione,</span> <span class='ocrx_word' id='word_1_139' title='bbox 794 1932 857 1980; x_wconf 88' lang='lat' dir='ltr'>quo</span> <span class='ocrx_word' id='word_1_140' title='bbox 871 1918 1015 1981; x_wconf 84' lang='lat' dir='ltr'>consilio,</span> <span class='ocrx_word' id='word_1_141' title='bbox 1028 1919 1156 1981; x_wconf 81' lang='lat' dir='ltr'>quando</span> <span class='ocrx_word' id='word_1_142' title='bbox 1169 1921 1201 1972; x_wconf 85' lang='lat' dir='ltr'>at</span> <span class='ocrx_word' id='word_1_143' title='bbox 1211 1917 1270 1972; x_wconf 84' lang='lat' dir='ltr'>ubl</span> <span class='ocrx_word' id='word_1_144' title='bbox 1279 1917 1416 1982; x_wconf 79' lang='lat' dir='ltr'>epistola</span> 
     </span>
     <span class='ocr_line' id='line_1_18' title="bbox 520 2003 1088 2067; baseline 0.002 -11"><span class='ocrx_word' id='word_1_145' title='bbox 520 2004 644 2067; x_wconf 85' lang='lat' dir='ltr'>scripta</span> <span class='ocrx_word' id='word_1_146' title='bbox 655 2004 699 2056; x_wconf 85' lang='lat' dir='ltr'>sit</span> <span class='ocrx_word' id='word_1_147' title='bbox 710 2003 840 2067; x_wconf 81' lang='lat' dir='ltr'>ejusque</span> <span class='ocrx_word' id='word_1_148' title='bbox 853 2007 1088 2067; x_wconf 69' lang='lat' dir='ltr'>argumentum.</span> 
     </span>
    </p>
   </div>
   <div class='ocr_carea' id='block_1_5' title="bbox 190 2156 1418 3778">
    <p class='ocr_par' dir='ltr' id='par_1_6' title="bbox 190 2156 1418 2837">
     <span class='ocr_line' id='line_1_19' title="bbox 280 2156 1416 2243; baseline 0.001 -22"><span class='ocrx_word' id='word_1_149' title='bbox 280 2158 309 2222; x_wconf 92' lang='grc'>1.</span> <span class='ocrx_word' id='word_1_150' title='bbox 337 2157 481 2222; x_wconf 82' lang='lat' dir='ltr'>Lectores</span> <span class='ocrx_word' id='word_1_151' title='bbox 494 2157 585 2242; x_wconf 69' lang='lat' dir='ltr'>letojus</span> <span class='ocrx_word' id='word_1_152' title='bbox 599 2157 746 2243; x_wconf 81' lang='lat' dir='ltr'>ept&#39;otoloe</span> <span class='ocrx_word' id='word_1_153' title='bbox 760 2175 864 2240; x_wconf 83' lang='lat' dir='ltr'>neque</span> <span class='ocrx_word' id='word_1_154' title='bbox 882 2157 916 2222; x_wconf 91' lang='lat' dir='ltr'>in</span> <span class='ocrx_word' id='word_1_155' title='bbox 936 2156 1138 2224; x_wconf 81' lang='lat' dir='ltr'>dedicatione</span> <span class='ocrx_word' id='word_1_156' title='bbox 1156 2156 1338 2223; x_wconf 82' lang='lat' dir='ltr'>accuratius</span> <span class='ocrx_word' id='word_1_157' title='bbox 1361 2156 1416 2222; x_wconf 87' lang='lat' dir='ltr'>de·</span> 
     </span>
     <span class='ocr_line' id='line_1_20' title="bbox 192 2239 1417 2326; baseline -0.003 -16"><span class='ocrx_word' id='word_1_158' title='bbox 192 2244 377 2326; x_wconf 87' lang='lat' dir='ltr'>signantur,</span> <span class='ocrx_word' id='word_1_159' title='bbox 402 2261 507 2325; x_wconf 89' lang='lat' dir='ltr'>neque</span> <span class='ocrx_word' id='word_1_160' title='bbox 529 2261 567 2307; x_wconf 86' lang='lat' dir='ltr'>ex</span> <span class='ocrx_word' id='word_1_161' title='bbox 581 2243 704 2308; x_wconf 91' lang='lat' dir='ltr'>incerta</span> <span class='ocrx_word' id='word_1_162' title='bbox 719 2259 743 2308; x_wconf 88' lang='lat' dir='ltr'>s.</span> <span class='ocrx_word' id='word_1_163' title='bbox 759 2243 864 2308; x_wconf 89' lang='lat' dir='ltr'>Judae</span> <span class='ocrx_word' id='word_1_164' title='bbox 878 2243 1014 2308; x_wconf 79' lang='lat' dir='ltr'>historia</span> <span class='ocrx_word' id='word_1_165' title='bbox 1028 2242 1291 2308; x_wconf 89' lang='lat' dir='ltr'>determinantur.</span> <span class='ocrx_word' id='word_1_166' title='bbox 1336 2239 1417 2306; x_wconf 83' lang='lat' dir='ltr'>Cum</span> 
     </span>
     <span class='ocr_line' id='line_1_21' title="bbox 192 2326 1418 2410; baseline 0.002 -18"><span class='ocrx_word' id='word_1_167' title='bbox 192 2347 269 2394; x_wconf 86' lang='lat' dir='ltr'>vero</span> <span class='ocrx_word' id='word_1_168' title='bbox 284 2329 325 2392; x_wconf 85' lang='grc' dir='ltr'>ΙΙ.</span> <span class='ocrx_word' id='word_1_169' title='bbox 341 2328 431 2394; x_wconf 91' lang='lat' dir='ltr'>Petri</span> <span class='ocrx_word' id='word_1_170' title='bbox 446 2326 581 2409; x_wconf 89' lang='lat' dir='ltr'>epistola</span> <span class='ocrx_word' id='word_1_171' title='bbox 596 2328 717 2409; x_wconf 92' lang='lat' dir='ltr'>scripta</span> <span class='ocrx_word' id='word_1_172' title='bbox 732 2333 818 2394; x_wconf 91' lang='lat' dir='ltr'>esset</span> <span class='ocrx_word' id='word_1_173' title='bbox 831 2328 973 2409; x_wconf 88' lang='lat' dir='ltr'>periculo</span> <span class='ocrx_word' id='word_1_174' title='bbox 990 2332 1100 2408; x_wconf 88' lang='lat' dir='ltr'>euato,</span> <span class='ocrx_word' id='word_1_175' title='bbox 1123 2347 1163 2393; x_wconf 92' lang='lat' dir='ltr'>ne</span> <span class='ocrx_word' id='word_1_176' title='bbox 1182 2327 1418 2410; x_wconf 89' lang='lat' dir='ltr'>pseudodocto-</span> 
     </span>
     <span class='ocr_line' id='line_1_22' title="bbox 194 2412 1417 2496; baseline -0.002 -18"><span class='ocrx_word' id='word_1_177' title='bbox 194 2432 257 2494; x_wconf 89' lang='lat' dir='ltr'>res,</span> <span class='ocrx_word' id='word_1_178' title='bbox 270 2432 350 2496; x_wconf 91' lang='lat' dir='ltr'>quos</span> <span class='ocrx_word' id='word_1_179' title='bbox 361 2414 383 2478; x_wconf 89' lang='lat' dir='ltr'>J</span> <span class='ocrx_word' id='word_1_180' title='bbox 383 2413 465 2478; x_wconf 93' lang='lat' dir='ltr'>udas</span> <span class='ocrx_word' id='word_1_181' title='bbox 476 2412 651 2495; x_wconf 85' lang='lat' dir='ltr'>impugnat,</span> <span class='ocrx_word' id='word_1_182' title='bbox 665 2414 750 2478; x_wconf 91' lang='lat' dir='ltr'>inter</span> <span class='ocrx_word' id='word_1_183' title='bbox 762 2412 959 2480; x_wconf 87' lang='lat' dir='ltr'>Christianos</span> <span class='ocrx_word' id='word_1_184' title='bbox 972 2414 1068 2479; x_wconf 90' lang='lat' dir='ltr'>etiam</span> <span class='ocrx_word' id='word_1_185' title='bbox 1078 2412 1182 2493; x_wconf 85' lang='lat' dir='ltr'>Ponti,</span> <span class='ocrx_word' id='word_1_186' title='bbox 1198 2412 1346 2478; x_wconf 86' lang='lat' dir='ltr'>Galatiae</span> <span class='ocrx_word' id='word_1_187' title='bbox 1357 2417 1417 2478; x_wconf 93' lang='lat' dir='ltr'>etc.</span> 
     </span>
     <span class='ocr_line' id='line_1_23' title="bbox 194 2497 1418 2580; baseline 0 -16"><span class='ocrx_word' id='word_1_188' title='bbox 194 2517 320 2564; x_wconf 87' lang='lat' dir='ltr'>errores</span> <span class='ocrx_word' id='word_1_189' title='bbox 335 2517 411 2564; x_wconf 90' lang='lat' dir='ltr'>suos</span> <span class='ocrx_word' id='word_1_190' title='bbox 426 2499 670 2565; x_wconf 87' lang='lat' dir='ltr'>disseminarent</span> <span class='ocrx_word' id='word_1_191' title='bbox 682 2504 715 2564; x_wconf 93' lang='lat' dir='ltr'>et</span> <span class='ocrx_word' id='word_1_192' title='bbox 726 2499 866 2566; x_wconf 87' lang='lat' dir='ltr'>asseclas</span> <span class='ocrx_word' id='word_1_193' title='bbox 876 2499 1068 2565; x_wconf 87' lang='lat' dir='ltr'>invenirent:</span> <span class='ocrx_word' id='word_1_194' title='bbox 1084 2497 1233 2580; x_wconf 83' lang='lat' dir='ltr'>colligere</span> <span class='ocrx_word' id='word_1_195' title='bbox 1243 2497 1328 2578; x_wconf 89' lang='lat' dir='ltr'>licet,</span> <span class='ocrx_word' id='word_1_196' title='bbox 1342 2515 1418 2579; x_wconf 89' lang='lat' dir='ltr'>pro-</span> 
     </span>
     <span class='ocr_line' id='line_1_24' title="bbox 190 2583 1417 2669; baseline -0.001 -21"><span class='ocrx_word' id='word_1_197' title='bbox 190 2585 295 2650; x_wconf 82' lang='lat' dir='ltr'>ximos</span> <span class='ocrx_word' id='word_1_198' title='bbox 310 2583 465 2665; x_wconf 82' lang='lat' dir='ltr'>epistolae</span> <span class='ocrx_word' id='word_1_199' title='bbox 479 2592 608 2650; x_wconf 82' lang='lat' dir='ltr'>nostrae</span> <span class='ocrx_word' id='word_1_200' title='bbox 622 2584 758 2650; x_wconf 83' lang='lat' dir='ltr'>lectores</span> <span class='ocrx_word' id='word_1_201' title='bbox 773 2586 807 2648; x_wconf 82' lang='lat' dir='ltr'>t&#39;o</span> <span class='ocrx_word' id='word_1_202' title='bbox 817 2585 937 2649; x_wconf 73' lang='lat' dir='ltr'>cimicia</span> <span class='ocrx_word' id='word_1_203' title='bbox 947 2584 1079 2649; x_wconf 79' lang='lat' dir='ltr'>illarum</span> <span class='ocrx_word' id='word_1_204' title='bbox 1085 2583 1331 2669; x_wconf 71' lang='lat' dir='ltr'>praetoriorum,</span> <span class='ocrx_word' id='word_1_205' title='bbox 1347 2605 1417 2668; x_wconf 72' lang='lat' dir='ltr'>erqo</span> 
     </span>
     <span class='ocr_line' id='line_1_25' title="bbox 190 2665 1416 2754; baseline -0.002 -20"><span class='ocrx_word' id='word_1_206' title='bbox 190 2673 227 2734; x_wconf 85' lang='lat' dir='ltr'>a&#39;o</span> <span class='ocrx_word' id='word_1_207' title='bbox 238 2671 388 2754; x_wconf 77' lang='lat' dir='ltr'>portabas</span> <span class='ocrx_word' id='word_1_208' title='bbox 402 2671 503 2733; x_wconf 80' lang='lat' dir='ltr'>Asiae</span> <span class='ocrx_word' id='word_1_209' title='bbox 516 2670 646 2733; x_wconf 74' lang='lat' dir='ltr'>tuebor-sb</span> <span class='ocrx_word' id='word_1_210' title='bbox 661 2669 864 2734; x_wconf 62' lang='lat' dir='ltr'>adorientem</span> <span class='ocrx_word' id='word_1_211' title='bbox 879 2682 907 2736; x_wconf 86' lang='lat' dir='ltr'>et</span> <span class='ocrx_word' id='word_1_212' title='bbox 920 2669 1082 2734; x_wconf 76' lang='lat' dir='ltr'>meridiem</span> <span class='ocrx_word' id='word_1_213' title='bbox 1101 2669 1172 2732; x_wconf 74' lang='lat' dir='ltr'>ec‘tcb</span> <span class='ocrx_word' id='word_1_214' title='bbox 1194 2679 1250 2732; x_wconf 87' lang='lat' dir='ltr'>out</span> <span class='ocrx_word' id='word_1_215' title='bbox 1270 2669 1305 2732; x_wconf 81' lang='lat' dir='ltr'>a&#39;o</span> <span class='ocrx_word' id='word_1_216' title='bbox 1320 2665 1416 2753; x_wconf 71' lang='lat' dir='ltr'>Syrio</span> 
     </span>
     <span class='ocr_line' id='line_1_26' title="bbox 192 2754 658 2837; baseline 0 -18"><span class='ocrx_word' id='word_1_217' title='bbox 192 2755 349 2819; x_wconf 69' lang='lat' dir='ltr'>amatore</span> <span class='ocrx_word' id='word_1_218' title='bbox 364 2773 435 2820; x_wconf 90' lang='lat' dir='ltr'>esse</span> <span class='ocrx_word' id='word_1_219' title='bbox 449 2754 658 2837; x_wconf 88' lang='lat' dir='ltr'>quaerendos.</span> 
     </span>
    </p>

    <p class='ocr_par' dir='ltr' id='par_1_7' title="bbox 191 2837 1418 3091">
     <span class='ocr_line' id='line_1_27' title="bbox 280 2837 1418 2926; baseline 0 -24"><span class='ocrx_word' id='word_1_220' title='bbox 280 2838 309 2904; x_wconf 82' lang='lat'>2.</span> <span class='ocrx_word' id='word_1_221' title='bbox 341 2839 474 2905; x_wconf 69' lang='lat' dir='ltr'>Occasio</span> <span class='ocrx_word' id='word_1_222' title='bbox 491 2851 641 2926; x_wconf 80' lang='lat' dir='ltr'>etscopos</span> <span class='ocrx_word' id='word_1_223' title='bbox 655 2838 740 2904; x_wconf 89' lang='lat' dir='ltr'>idem</span> <span class='ocrx_word' id='word_1_224' title='bbox 754 2837 822 2904; x_wconf 89' lang='lat' dir='ltr'>fere</span> <span class='ocrx_word' id='word_1_225' title='bbox 844 2843 907 2921; x_wconf 90' lang='lat' dir='ltr'>est,</span> <span class='ocrx_word' id='word_1_226' title='bbox 932 2841 970 2904; x_wconf 93' lang='lat' dir='ltr'>ut</span> <span class='ocrx_word' id='word_1_227' title='bbox 992 2838 1025 2904; x_wconf 91' lang='lat' dir='ltr'>in</span> <span class='ocrx_word' id='word_1_228' title='bbox 1046 2839 1086 2903; x_wconf 94' lang='grc' dir='ltr'>ΙΙ.</span> <span class='ocrx_word' id='word_1_229' title='bbox 1101 2837 1206 2918; x_wconf 91' lang='lat' dir='ltr'>Petri,</span> <span class='ocrx_word' id='word_1_230' title='bbox 1232 2838 1293 2903; x_wconf 93' lang='lat' dir='ltr'>boc</span> <span class='ocrx_word' id='word_1_231' title='bbox 1314 2837 1418 2902; x_wconf 91' lang='lat' dir='ltr'>solum</span> 
     </span>
     <span class='ocr_line' id='line_1_28' title="bbox 192 2922 1417 3007; baseline -0.001 -19"><span class='ocrx_word' id='word_1_232' title='bbox 192 2924 393 3004; x_wconf 86' lang='lat' dir='ltr'>discrimine,</span> <span class='ocrx_word' id='word_1_233' title='bbox 421 2924 507 3007; x_wconf 92' lang='lat' dir='ltr'>quod</span> <span class='ocrx_word' id='word_1_234' title='bbox 532 2926 565 2989; x_wconf 90' lang='lat' dir='ltr'>in</span> <span class='ocrx_word' id='word_1_235' title='bbox 587 2924 727 2990; x_wconf 87' lang='lat' dir='ltr'>secunda</span> <span class='ocrx_word' id='word_1_236' title='bbox 748 2923 838 2989; x_wconf 91' lang='lat' dir='ltr'>Petri</span> <span class='ocrx_word' id='word_1_237' title='bbox 864 2923 999 3006; x_wconf 90' lang='lat' dir='ltr'>epistola</span> <span class='ocrx_word' id='word_1_238' title='bbox 1023 2922 1218 2989; x_wconf 90' lang='lat' dir='ltr'>seductionis</span> <span class='ocrx_word' id='word_1_239' title='bbox 1238 2922 1417 3005; x_wconf 87' lang='lat' dir='ltr'>periculum</span> 
     </span>
     <span class='ocr_line' id='line_1_29' title="bbox 191 3008 1416 3091; baseline -0.001 -16"><span class='ocrx_word' id='word_1_240' title='bbox 191 3009 361 3076; x_wconf 87' lang='lat' dir='ltr'>imminens</span> <span class='ocrx_word' id='word_1_241' title='bbox 374 3015 645 3091; x_wconf 88' lang='lat' dir='ltr'>repraesentatur,</span> <span class='ocrx_word' id='word_1_242' title='bbox 658 3009 753 3074; x_wconf 91' lang='lat' dir='ltr'>inilla</span> <span class='ocrx_word' id='word_1_243' title='bbox 761 3009 782 3075; x_wconf 89' lang='lat' dir='ltr'><strong>J</strong></span> <span class='ocrx_word' id='word_1_244' title='bbox 783 3009 867 3075; x_wconf 91' lang='lat' dir='ltr'>udae</span> <span class='ocrx_word' id='word_1_245' title='bbox 881 3028 956 3077; x_wconf 87' lang='lat' dir='ltr'>vero</span> <span class='ocrx_word' id='word_1_246' title='bbox 971 3008 1090 3074; x_wconf 90' lang='lat' dir='ltr'>malum</span> <span class='ocrx_word' id='word_1_247' title='bbox 1103 3009 1187 3074; x_wconf 90' lang='lat' dir='ltr'>inter</span> <span class='ocrx_word' id='word_1_248' title='bbox 1199 3008 1336 3075; x_wconf 90' lang='lat' dir='ltr'>lectores</span> <span class='ocrx_word' id='word_1_249' title='bbox 1348 3008 1416 3091; x_wconf 90' lang='lat' dir='ltr'>jam</span> 
     </span>
    </p>

    <p class='ocr_par' dir='ltr' id='par_1_8' title="bbox 192 3096 1417 3687">
     <span class='ocr_line' id='line_1_30' title="bbox 233 3096 494 3162; baseline -0.004 -2"><span class='ocrx_word' id='word_1_250' title='bbox 233 3113 346 3161; x_wconf 84' lang='lat' dir='ltr'>assona</span> <span class='ocrx_word' id='word_1_251' title='bbox 360 3096 494 3162; x_wconf 88' lang='lat' dir='ltr'>sistitur.</span> 
     </span>
     <span class='ocr_line' id='line_1_31' title="bbox 192 3114 1417 3266; baseline -0.002 -21"><span class='ocrx_word' id='word_1_252' title='bbox 192 3114 233 3177; x_wconf 69' lang='lat' dir='ltr'>gr</span> <span class='ocrx_word' id='word_1_253' title='bbox 281 3181 311 3246; x_wconf 82' lang='lat'>3.</span> <span class='ocrx_word' id='word_1_254' title='bbox 341 3179 608 3266; x_wconf 71' lang='lat' dir='ltr'>EparolaJodae</span> <span class='ocrx_word' id='word_1_255' title='bbox 623 3190 692 3243; x_wconf 83' lang='lat' dir='ltr'>eote</span> <span class='ocrx_word' id='word_1_256' title='bbox 706 3178 749 3244; x_wconf 88' lang='lat' dir='ltr'>II.</span> <span class='ocrx_word' id='word_1_257' title='bbox 759 3180 851 3243; x_wconf 81' lang='lat' dir='ltr'>Petri</span> <span class='ocrx_word' id='word_1_258' title='bbox 861 3179 983 3264; x_wconf 64' lang='lat' dir='ltr'>sarapta</span> <span class='ocrx_word' id='word_1_259' title='bbox 998 3191 1050 3261; x_wconf 83' lang='lat' dir='ltr'>est,</span> <span class='ocrx_word' id='word_1_260' title='bbox 1066 3182 1104 3243; x_wconf 87' lang='lat' dir='ltr'>ut</span> <span class='ocrx_word' id='word_1_261' title='bbox 1119 3198 1157 3245; x_wconf 84' lang='lat' dir='ltr'>ex</span> <span class='ocrx_word' id='word_1_262' title='bbox 1171 3183 1283 3244; x_wconf 88' lang='lat' dir='ltr'>mutua</span> <span class='ocrx_word' id='word_1_263' title='bbox 1296 3177 1417 3243; x_wconf 86' lang='lat' dir='ltr'>utrius·</span> 
     </span>
     <span class='ocr_line' id='line_1_32' title="bbox 194 3263 1416 3349; baseline -0.001 -19"><span class='ocrx_word' id='word_1_264' title='bbox 194 3285 260 3347; x_wconf 90' lang='lat' dir='ltr'>quc</span> <span class='ocrx_word' id='word_1_265' title='bbox 281 3266 436 3332; x_wconf 89' lang='lat' dir='ltr'>relatione</span> <span class='ocrx_word' id='word_1_266' title='bbox 456 3270 561 3349; x_wconf 90' lang='lat' dir='ltr'>patet;</span> <span class='ocrx_word' id='word_1_267' title='bbox 581 3269 709 3345; x_wconf 90' lang='lat' dir='ltr'>tempus</span> <span class='ocrx_word' id='word_1_268' title='bbox 731 3269 840 3330; x_wconf 91' lang='lat' dir='ltr'>autem</span> <span class='ocrx_word' id='word_1_269' title='bbox 862 3263 1044 3330; x_wconf 87' lang='lat' dir='ltr'>accuratius</span> <span class='ocrx_word' id='word_1_270' title='bbox 1066 3263 1272 3330; x_wconf 89' lang='lat' dir='ltr'>determinari</span> <span class='ocrx_word' id='word_1_271' title='bbox 1295 3263 1416 3346; x_wconf 87' lang='lat' dir='ltr'>nequit.</span> 
     </span>
     <span class='ocr_line' id='line_1_33' title="bbox 192 3348 1417 3432; baseline -0.002 -17"><span class='ocrx_word' id='word_1_272' title='bbox 192 3352 222 3415; x_wconf 90' lang='lat' dir='ltr'>E</span> <span class='ocrx_word' id='word_1_273' title='bbox 239 3371 266 3416; x_wconf 86' lang='lat' dir='ltr'>v.</span> <span class='ocrx_word' id='word_1_274' title='bbox 286 3354 327 3432; x_wconf 91' lang='lat' dir='ltr'>l.,</span> <span class='ocrx_word' id='word_1_275' title='bbox 341 3351 397 3416; x_wconf 95' lang='lat' dir='ltr'>ubi</span> <span class='ocrx_word' id='word_1_276' title='bbox 411 3357 524 3418; x_wconf 91' lang='lat' dir='ltr'>auctor</span> <span class='ocrx_word' id='word_1_277' title='bbox 537 3349 652 3416; x_wconf 79' lang='lat' dir='ltr'>iacobi</span> <span class='ocrx_word' id='word_1_278' title='bbox 664 3348 798 3415; x_wconf 86' lang='lat' dir='ltr'>fratrem</span> <span class='ocrx_word' id='word_1_279' title='bbox 808 3355 914 3416; x_wconf 88' lang='lat' dir='ltr'>semet</span> <span class='ocrx_word' id='word_1_280' title='bbox 929 3350 1091 3432; x_wconf 86' lang='lat' dir='ltr'>designat,</span> <span class='ocrx_word' id='word_1_281' title='bbox 1113 3368 1329 3432; x_wconf 90' lang='lat' dir='ltr'>praepropere</span> <span class='ocrx_word' id='word_1_282' title='bbox 1344 3367 1417 3414; x_wconf 90' lang='lat' dir='ltr'>con·</span> 
     </span>
     <span class='ocr_line' id='line_1_34' title="bbox 195 3433 1417 3517; baseline -0.003 -15"><span class='ocrx_word' id='word_1_283' title='bbox 195 3436 392 3517; x_wconf 90' lang='lat' dir='ltr'>cluderetur,</span> <span class='ocrx_word' id='word_1_284' title='bbox 418 3437 438 3501; x_wconf 88' lang='lat' dir='ltr'>J</span> <span class='ocrx_word' id='word_1_285' title='bbox 440 3437 574 3503; x_wconf 90' lang='lat' dir='ltr'>acobum</span> <span class='ocrx_word' id='word_1_286' title='bbox 590 3436 746 3500; x_wconf 91' lang='lat' dir='ltr'>Minorem</span> <span class='ocrx_word' id='word_1_287' title='bbox 760 3433 865 3502; x_wconf 90' lang='lat' dir='ltr'>adhuc</span> <span class='ocrx_word' id='word_1_288' title='bbox 879 3435 979 3501; x_wconf 86' lang='lat' dir='ltr'>fuisse</span> <span class='ocrx_word' id='word_1_289' title='bbox 992 3435 1076 3500; x_wconf 91' lang='lat' dir='ltr'>inter</span> <span class='ocrx_word' id='word_1_290' title='bbox 1097 3435 1201 3515; x_wconf 87' lang='lat' dir='ltr'>vivos;</span> <span class='ocrx_word' id='word_1_291' title='bbox 1226 3453 1301 3499; x_wconf 90' lang='lat' dir='ltr'>nam</span> <span class='ocrx_word' id='word_1_292' title='bbox 1321 3434 1417 3516; x_wconf 91' lang='lat' dir='ltr'>hujus</span> 
     </span>
     <span class='ocr_line' id='line_1_35' title="bbox 194 3519 1417 3602; baseline -0.002 -16"><span class='ocrx_word' id='word_1_293' title='bbox 194 3521 344 3602; x_wconf 89' lang='lat' dir='ltr'>Apostoli</span> <span class='ocrx_word' id='word_1_294' title='bbox 358 3522 533 3588; x_wconf 89' lang='lat' dir='ltr'>auctoritas</span> <span class='ocrx_word' id='word_1_295' title='bbox 548 3540 586 3587; x_wconf 96' lang='lat' dir='ltr'>ac</span> <span class='ocrx_word' id='word_1_296' title='bbox 600 3520 763 3586; x_wconf 85' lang='lat' dir='ltr'>veneratio</span> <span class='ocrx_word' id='word_1_297' title='bbox 777 3521 862 3586; x_wconf 90' lang='lat' dir='ltr'>inter</span> <span class='ocrx_word' id='word_1_298' title='bbox 878 3519 1075 3586; x_wconf 82' lang='lat' dir='ltr'>Christianos</span> <span class='ocrx_word' id='word_1_299' title='bbox 1091 3520 1159 3602; x_wconf 92' lang='lat' dir='ltr'>ejus</span> <span class='ocrx_word' id='word_1_300' title='bbox 1179 3519 1332 3601; x_wconf 87' lang='lat' dir='ltr'>martyrio</span> <span class='ocrx_word' id='word_1_301' title='bbox 1354 3538 1417 3584; x_wconf 93' lang='lat' dir='ltr'>nou</span> 
     </span>
     <span class='ocr_line' id='line_1_36' title="bbox 195 3606 771 3687; baseline -0.009 -13"><span class='ocrx_word' id='word_1_302' title='bbox 195 3615 267 3674; x_wconf 91' lang='lat' dir='ltr'>erat</span> <span class='ocrx_word' id='word_1_303' title='bbox 281 3606 457 3687; x_wconf 87' lang='lat' dir='ltr'>imminuta,</span> <span class='ocrx_word' id='word_1_304' title='bbox 472 3607 530 3673; x_wconf 89' lang='lat' dir='ltr'>sed</span> <span class='ocrx_word' id='word_1_305' title='bbox 543 3606 652 3687; x_wconf 88' lang='lat' dir='ltr'>potius</span> <span class='ocrx_word' id='word_1_306' title='bbox 667 3611 771 3670; x_wconf 88' lang='lat' dir='ltr'>aucta.</span> 
     </span>
    </p>

    <p class='ocr_par' dir='ltr' id='par_1_9' title="bbox 281 3687 1415 3778">
     <span class='ocr_line' id='line_1_37' title="bbox 281 3687 1415 3778; baseline -0.002 -22"><span class='ocrx_word' id='word_1_307' title='bbox 281 3693 311 3756; x_wconf 87' lang='lat'>4.</span> <span class='ocrx_word' id='word_1_308' title='bbox 341 3697 567 3778; x_wconf 73' lang='lat' dir='ltr'>Arpmnentaoe</span> <span class='ocrx_word' id='word_1_309' title='bbox 591 3690 747 3756; x_wconf 83' lang='lat' dir='ltr'>brevioris</span> <span class='ocrx_word' id='word_1_310' title='bbox 771 3689 866 3773; x_wconf 89' lang='lat' dir='ltr'>hujus</span> <span class='ocrx_word' id='word_1_311' title='bbox 893 3689 1049 3770; x_wconf 89' lang='lat' dir='ltr'>epistolae</span> <span class='ocrx_word' id='word_1_312' title='bbox 1074 3707 1146 3754; x_wconf 91' lang='lat' dir='ltr'>cum</span> <span class='ocrx_word' id='word_1_313' title='bbox 1167 3689 1209 3754; x_wconf 91' lang='lat'>11.</span> <span class='ocrx_word' id='word_1_314' title='bbox 1229 3687 1319 3754; x_wconf 90' lang='lat' dir='ltr'>Petri</span> <span class='ocrx_word' id='word_1_315' title='bbox 1341 3705 1362 3753; x_wconf 94' lang='lat' dir='ltr'>a</span> <span class='ocrx_word' id='word_1_316' title='bbox 1385 3689 1415 3770; x_wconf 82' lang='lat'>2,</span> 
     </span>
    </p>
   </div>
   <div class='ocr_carea' id='block_1_6' title="bbox 198 3772 1511 3860">
    <p class='ocr_par' dir='ltr' id='par_1_10' title="bbox 198 3772 1511 3860">
     <span class='ocr_line' id='line_1_38' title="bbox 198 3772 1511 3860; baseline 0 -20"><span class='ocrx_word' id='word_1_317' title='bbox 198 3779 290 3860; x_wconf 85' lang='lat'>1-3,</span> <span class='ocrx_word' id='word_1_318' title='bbox 306 3778 334 3842; x_wconf 84' lang='lat'>2.</span> <span class='ocrx_word' id='word_1_319' title='bbox 351 3775 531 3843; x_wconf 90' lang='lat' dir='ltr'>concordat.</span> <span class='ocrx_word' id='word_1_320' title='bbox 568 3776 690 3842; x_wconf 88' lang='lat' dir='ltr'>Auctor</span> <span class='ocrx_word' id='word_1_321' title='bbox 705 3793 740 3842; x_wconf 90' lang='lat' dir='ltr'>se</span> <span class='ocrx_word' id='word_1_322' title='bbox 754 3775 827 3842; x_wconf 90' lang='lat' dir='ltr'>ideo</span> <span class='ocrx_word' id='word_1_323' title='bbox 841 3774 1009 3856; x_wconf 87' lang='lat' dir='ltr'>scripsisse</span> <span class='ocrx_word' id='word_1_324' title='bbox 1024 3774 1110 3855; x_wconf 89' lang='lat' dir='ltr'>dicit,</span> <span class='ocrx_word' id='word_1_325' title='bbox 1127 3774 1203 3856; x_wconf 87' lang='lat' dir='ltr'>quia</span> <span class='ocrx_word' id='word_1_326' title='bbox 1217 3772 1417 3855; x_wconf 88' lang='lat' dir='ltr'>pseudodoc-</span> <span class='ocrx_word' id='word_1_327' title='bbox 1506 3801 1511 3813; x_wconf 95' lang='lat'>·</span> 
     </span>
    </p>
   </div>
   <div class='ocr_carea' id='block_1_7' title="bbox 194 3859 1418 4199">
    <p class='ocr_par' dir='ltr' id='par_1_11' title="bbox 194 3859 1418 4199">
     <span class='ocr_line' id='line_1_39' title="bbox 195 3859 1418 3944; baseline -0.002 -17"><span class='ocrx_word' id='word_1_328' title='bbox 195 3868 284 3928; x_wconf 87' lang='lat' dir='ltr'>tores</span> <span class='ocrx_word' id='word_1_329' title='bbox 297 3863 501 3944; x_wconf 87' lang='lat' dir='ltr'>prodiissent,</span> <span class='ocrx_word' id='word_1_330' title='bbox 517 3880 598 3944; x_wconf 88' lang='lat' dir='ltr'>quos</span> <span class='ocrx_word' id='word_1_331' title='bbox 613 3861 686 3926; x_wconf 91' lang='lat' dir='ltr'>dein</span> <span class='ocrx_word' id='word_1_332' title='bbox 698 3878 808 3926; x_wconf 90' lang='lat' dir='ltr'>severe</span> <span class='ocrx_word' id='word_1_333' title='bbox 819 3861 926 3942; x_wconf 84' lang='lat' dir='ltr'>arguit</span> <span class='ocrx_word' id='word_1_334' title='bbox 939 3860 1084 3940; x_wconf 85' lang='lat' dir='ltr'>etalleo,</span> <span class='ocrx_word' id='word_1_335' title='bbox 1099 3860 1155 3941; x_wconf 89' lang='lat' dir='ltr'>qui</span> <span class='ocrx_word' id='word_1_336' title='bbox 1165 3859 1280 3942; x_wconf 91' lang='lat' dir='ltr'>impios</span> <span class='ocrx_word' id='word_1_337' title='bbox 1292 3877 1418 3943; x_wconf 88' lang='lat' dir='ltr'>semper</span> 
     </span>
     <span class='ocr_line' id='line_1_40' title="bbox 194 3943 1417 4031; baseline -0.003 -19"><span class='ocrx_word' id='word_1_338' title='bbox 194 3946 356 4031; x_wconf 89' lang='lat' dir='ltr'>puniendo</span> <span class='ocrx_word' id='word_1_339' title='bbox 367 3947 527 4030; x_wconf 89' lang='lat' dir='ltr'>justitiam</span> <span class='ocrx_word' id='word_1_340' title='bbox 542 3964 633 4012; x_wconf 91' lang='lat' dir='ltr'>suam</span> <span class='ocrx_word' id='word_1_341' title='bbox 648 3945 845 4025; x_wconf 85' lang='lat' dir='ltr'>manifestet,</span> <span class='ocrx_word' id='word_1_342' title='bbox 867 3963 987 4027; x_wconf 88' lang='lat' dir='ltr'>poenas</span> <span class='ocrx_word' id='word_1_343' title='bbox 1006 3943 1211 4028; x_wconf 87' lang='lat' dir='ltr'>gravissimas</span> <span class='ocrx_word' id='word_1_344' title='bbox 1231 3950 1417 4027; x_wconf 82' lang='lat' dir='ltr'>exspectan-</span> 
     </span>
     <span class='ocr_line' id='line_1_41' title="bbox 195 4031 1417 4112; baseline -0.002 -15"><span class='ocrx_word' id='word_1_345' title='bbox 195 4034 255 4098; x_wconf 90' lang='lat' dir='ltr'>das</span> <span class='ocrx_word' id='word_1_346' title='bbox 277 4033 396 4098; x_wconf 88' lang='lat' dir='ltr'>babere</span> <span class='ocrx_word' id='word_1_347' title='bbox 416 4033 519 4098; x_wconf 89' lang='lat' dir='ltr'>docet.</span> <span class='ocrx_word' id='word_1_348' title='bbox 564 4031 667 4109; x_wconf 85' lang='lat' dir='ltr'>Quam</span> <span class='ocrx_word' id='word_1_349' title='bbox 687 4032 720 4096; x_wconf 90' lang='lat' dir='ltr'>in</span> <span class='ocrx_word' id='word_1_350' title='bbox 745 4046 813 4096; x_wconf 91' lang='lat' dir='ltr'>rem</span> <span class='ocrx_word' id='word_1_351' title='bbox 839 4031 966 4096; x_wconf 85' lang='lat' dir='ltr'>diversa</span> <span class='ocrx_word' id='word_1_352' title='bbox 991 4036 1218 4097; x_wconf 88' lang='lat' dir='ltr'>commemorat</span> <span class='ocrx_word' id='word_1_353' title='bbox 1242 4047 1417 4112; x_wconf 89' lang='lat' dir='ltr'>poenarum</span> 
     </span>
     <span class='ocr_line' id='line_1_42' title="bbox 195 4114 1415 4199; baseline -0.003 -16"><span class='ocrx_word' id='word_1_354' title='bbox 195 4117 376 4183; x_wconf 87' lang='lat' dir='ltr'>divinarum</span> <span class='ocrx_word' id='word_1_355' title='bbox 398 4117 543 4198; x_wconf 86' lang='lat' dir='ltr'>exempla</span> <span class='ocrx_word' id='word_1_356' title='bbox 564 4115 743 4198; x_wconf 84' lang='lat' dir='ltr'>(Isra&#39;e‘litas</span> <span class='ocrx_word' id='word_1_357' title='bbox 761 4116 794 4182; x_wconf 91' lang='lat' dir='ltr'>iu</span> <span class='ocrx_word' id='word_1_358' title='bbox 816 4116 945 4182; x_wconf 89' lang='lat' dir='ltr'>deserto</span> <span class='ocrx_word' id='word_1_359' title='bbox 963 4117 1122 4199; x_wconf 88' lang='lat' dir='ltr'>perditos,</span> <span class='ocrx_word' id='word_1_360' title='bbox 1149 4115 1279 4198; x_wconf 85' lang='lat' dir='ltr'>angelos</span> <span class='ocrx_word' id='word_1_361' title='bbox 1298 4114 1415 4196; x_wconf 86' lang='lat' dir='ltr'>lapsos,</span> 
     </span>
    </p>
   </div>
   <div class='ocr_carea' id='block_1_8' title="bbox 249 4345 1097 4614">
    <p class='ocr_par' dir='ltr' id='par_1_12' title="bbox 249 4345 1151 4614">
     <span class='ocr_line' id='line_1_43' title="bbox 249 4345 787 4432; baseline 0.004 -26"><span class='ocrx_word' id='word_1_362' title='bbox 249 4345 250 4348; x_wconf 63' lang='grc'>’</span> <span class='ocrx_word' id='word_1_363' title='bbox 269 4360 277 4391; x_wconf 83' lang='lat'>¹</span> <span class='ocrx_word' id='word_1_364' title='bbox 294 4351 436 4422; x_wconf 89' lang='lat' dir='ltr'>Nicephor.</span> <span class='ocrx_word' id='word_1_365' title='bbox 447 4353 474 4408; x_wconf 92' lang='lat' dir='ltr'>b.</span> <span class='ocrx_word' id='word_1_366' title='bbox 487 4353 611 4408; x_wconf 85' lang='lat' dir='ltr'>e.11.4o.</span> <span class='ocrx_word' id='word_1_367' title='bbox 781 4419 787 4432; x_wconf 39' lang='lat'><strong>·</strong></span> 
     </span>
     <span class='ocr_line' id='line_1_44' title="bbox 267 4421 1097 4551; baseline 0 -7"><span class='ocrx_word' id='word_1_368' title='bbox 267 4419 1097 4551; x_wconf 35' lang='lat' dir='ltr'>zcirecestre-ercrumuiuo</span> 
     </span>
     <span class='ocr_line' id='line_1_45' title="bbox 268 4558 732 4614; baseline 0 -2"><span class='ocrx_word' id='word_1_369' title='bbox 268 4562 278 4592; x_wconf 87' lang='lat'><strong>⁴</strong></span> <span class='ocrx_word' id='word_1_370' title='bbox 295 4560 453 4613; x_wconf 88' lang='lat' dir='ltr'>Assemaun.</span> <span class='ocrx_word' id='word_1_371' title='bbox 465 4559 529 4614; x_wconf 87' lang='lat' dir='ltr'>bibl.</span> <span class='ocrx_word' id='word_1_372' title='bbox 541 4558 634 4613; x_wconf 87' lang='lat' dir='ltr'>orient.</span> <span class='ocrx_word' id='word_1_373' title='bbox 646 4558 694 4612; x_wconf 89' lang='lat'>111.</span> <span class='ocrx_word' id='word_1_374' title='bbox 707 4559 732 4614; x_wconf 81' lang='grc'>2.</span> 
     </span>
    </p>
   </div>
   <div class='ocr_carea' id='block_1_9' title="bbox 251 4641 1211 4708">
    <p class='ocr_par' dir='ltr' id='par_1_13' title="bbox 251 4641 1211 4708">
     <span class='ocr_line' id='line_1_46' title="bbox 251 4641 1211 4708; baseline 0.008 -22"><span class='ocrx_word' id='word_1_375' title='bbox 251 4643 377 4696; x_wconf 63' lang='lat' dir='ltr'>auream,</span> <span class='ocrx_word' id='word_1_376' title='bbox 387 4647 472 4688; x_wconf 84' lang='lat' dir='ltr'>Introd.</span> <span class='ocrx_word' id='word_1_377' title='bbox 483 4647 544 4687; x_wconf 77' lang='lat' dir='ltr'>lull.</span> <span class='ocrx_word' id='word_1_378' title='bbox 554 4646 580 4686; x_wconf 79' lang='lat' dir='ltr'>r.</span> <span class='ocrx_word' id='word_1_379' title='bbox 589 4645 664 4686; x_wconf 85' lang='lat' dir='ltr'>libros.</span> <span class='ocrx_word' id='word_1_380' title='bbox 984 4703 986 4708; x_wconf 70' lang='lat'>,</span> <span class='ocrx_word' id='word_1_381' title='bbox 1179 4641 1211 4694; x_wconf 83' lang='grc'>21</span> 
     </span>
    </p>
   </div>
   <div class='ocr_carea' id='block_1_10' title="bbox 0 0 1723 5180">
    <p class='ocr_par' dir='ltr' id='par_1_14' title="bbox 0 0 1723 5180">
     <span class='ocr_line' id='line_1_47' title="bbox 0 0 1723 5180; baseline 0 0"><span class='ocrx_word' id='word_1_382' title='bbox 0 0 1723 5180; x_wconf 95' lang='lat' dir='ltr'> </span> 
     </span>
    </p>
   </div>
  </div>
 </body>
</html>
