<?xml version="1.0" encoding="UTF-8"?>
<!DOCTYPE html PUBLIC "-//W3C//DTD XHTML 1.0 Transitional//EN"
    "http://www.w3.org/TR/xhtml1/DTD/xhtml1-transitional.dtd">
<html xmlns="http://www.w3.org/1999/xhtml" xml:lang="en" lang="en">
 <head>
  <title>
</title>
<meta http-equiv="Content-Type" content="text/html;charset=utf-8" />
  <meta name='ocr-system' content='tesseract 3.04.00' />
  <meta name='ocr-capabilities' content='ocr_page ocr_carea ocr_par ocr_line ocrx_word'/>
</head>
<body>
  <div class='ocr_page' id='page_1' title='image "./introductioinsa00gngoog_0199.png"; bbox 0 0 3364 5156; ppageno 0'>
   <div class='ocr_carea' id='block_1_1' title="bbox 801 297 1086 362">
    <p class='ocr_par' dir='ltr' id='par_1_1' title="bbox 801 297 1086 362">
     <span class='ocr_line' id='line_1_1' title="bbox 801 297 1086 362; baseline 0 -18"><span class='ocrx_word' id='word_1_1' title='bbox 801 297 1086 362; x_wconf 73' lang='lat'>...136-</span> 
     </span>
    </p>
   </div>
   <div class='ocr_carea' id='block_1_2' title="bbox 333 461 1662 720">
    <p class='ocr_par' dir='ltr' id='par_1_2' title="bbox 333 461 1662 720">
     <span class='ocr_line' id='line_1_2' title="bbox 333 461 1662 552; baseline -0.013 -12"><span class='ocrx_word' id='word_1_2' title='bbox 333 489 394 551; x_wconf 84' lang='lat' dir='ltr'><strong>per</strong></span> <span class='ocrx_word' id='word_1_3' title='bbox 406 469 626 536; x_wconf 80' lang='lat' dir='ltr'><strong>Macedoniam</strong></span> <span class='ocrx_word' id='word_1_4' title='bbox 642 468 751 534; x_wconf 83' lang='lat' dir='ltr'>reduci</span> <span class='ocrx_word' id='word_1_5' title='bbox 766 467 924 552; x_wconf 83' lang='lat' dir='ltr'><strong>Philippis</strong></span> <span class='ocrx_word' id='word_1_6' title='bbox 938 469 1043 534; x_wconf 92' lang='lat' dir='ltr'><strong>denuo</strong></span> <span class='ocrx_word' id='word_1_7' title='bbox 1057 487 1094 534; x_wconf 90' lang='lat' dir='ltr'><strong>se</strong></span> <span class='ocrx_word' id='word_1_8' title='bbox 1108 467 1287 546; x_wconf 76' lang='lat' dir='ltr'><strong>associavit,</strong></span> <span class='ocrx_word' id='word_1_9' title='bbox 1302 486 1375 532; x_wconf 91' lang='lat' dir='ltr'><strong>cum</strong></span> <span class='ocrx_word' id='word_1_10' title='bbox 1390 485 1427 532; x_wconf 89' lang='lat' dir='ltr'><strong>eo</strong></span> <span class='ocrx_word' id='word_1_11' title='bbox 1439 467 1550 532; x_wconf 72' lang='lat' dir='ltr'><strong>Hiero</strong></span> <span class='ocrx_word' id='word_1_12' title='bbox 1661 461 1662 528; x_wconf 62' lang='grc' dir='ltr'><strong>ἐ</strong></span> 
     </span>
     <span class='ocr_line' id='line_1_3' title="bbox 334 552 1550 638; baseline -0.005 -16"><span class='ocrx_word' id='word_1_13' title='bbox 334 553 1097 638; x_wconf 77' lang='lat' dir='ltr'><strong>solymamestprofectusetcumnliisindomo</strong></span> <span class='ocrx_word' id='word_1_14' title='bbox 1108 554 1222 619; x_wconf 86' lang='lat' dir='ltr'><strong>Jacobi</strong></span> <span class='ocrx_word' id='word_1_15' title='bbox 1235 559 1459 634; x_wconf 79' lang='lat' dir='ltr'><strong>praesentatus</strong></span> <span class='ocrx_word' id='word_1_16' title='bbox 1470 552 1550 626; x_wconf 88' lang='lat' dir='ltr'><strong>(Act.</strong></span> 
     </span>
     <span class='ocr_line' id='line_1_4' title="bbox 333 637 1662 720; baseline -0.016 1"><span class='ocrx_word' id='word_1_17' title='bbox 333 641 516 720; x_wconf 52' lang='lat' dir='ltr'><strong>lab-21,</strong></span> <span class='ocrx_word' id='word_1_18' title='bbox 533 641 582 705; x_wconf 85' lang='lat'><strong>15·</strong></span> <span class='ocrx_word' id='word_1_19' title='bbox 597 639 710 720; x_wconf 61' lang='lat' dir='ltr'><strong>seqq).</strong></span> <span class='ocrx_word' id='word_1_20' title='bbox 753 639 969 706; x_wconf 90' lang='lat' dir='ltr'><strong>CumPaulus</strong></span> <span class='ocrx_word' id='word_1_21' title='bbox 983 639 1367 720; x_wconf 85' lang='lat' dir='ltr'><strong>brevipostCaesaream</strong></span> <span class='ocrx_word' id='word_1_22' title='bbox 1381 637 1550 703; x_wconf 81' lang='lat' dir='ltr'><strong>abducere</strong></span> <span class='ocrx_word' id='word_1_23' title='bbox 1661 637 1662 668; x_wconf 63' lang='lat'><strong>³</strong></span> 
     </span>
    </p>
   </div>
   <div class='ocr_carea' id='block_1_3' title="bbox 333 724 1551 809">
    <p class='ocr_par' dir='ltr' id='par_1_3' title="bbox 333 724 1551 809">
     <span class='ocr_line' id='line_1_5' title="bbox 333 724 1551 809; baseline -0.002 -18"><span class='ocrx_word' id='word_1_24' title='bbox 333 733 389 791; x_wconf 88' lang='lat' dir='ltr'><strong>tur</strong></span> <span class='ocrx_word' id='word_1_25' title='bbox 402 727 561 809; x_wconf 74' lang='lat' dir='ltr'><strong>captivus,</strong></span> <span class='ocrx_word' id='word_1_26' title='bbox 575 744 635 806; x_wconf 91' lang='lat' dir='ltr'><strong>per</strong></span> <span class='ocrx_word' id='word_1_27' title='bbox 647 725 808 807; x_wconf 84' lang='lat' dir='ltr'><strong>integrum</strong></span> <span class='ocrx_word' id='word_1_28' title='bbox 821 725 984 792; x_wconf 81' lang='lat' dir='ltr'><strong>biennium</strong></span> <span class='ocrx_word' id='word_1_29' title='bbox 998 727 1104 790; x_wconf 83' lang='lat' dir='ltr'><strong>Lucas</strong></span> <span class='ocrx_word' id='word_1_30' title='bbox 1118 725 1149 790; x_wconf 90' lang='lat' dir='ltr'><strong>ei</strong></span> <span class='ocrx_word' id='word_1_31' title='bbox 1162 725 1292 803; x_wconf 89' lang='lat' dir='ltr'><strong>aderat,</strong></span> <span class='ocrx_word' id='word_1_32' title='bbox 1307 729 1421 805; x_wconf 85' lang='lat' dir='ltr'><strong>sponte</strong></span> <span class='ocrx_word' id='word_1_33' title='bbox 1435 724 1551 788; x_wconf 92' lang='lat' dir='ltr'><strong>eumin</strong></span> 
     </span>
    </p>
   </div>
   <div class='ocr_carea' id='block_1_4' title="bbox 333 809 1663 892">
    <p class='ocr_par' dir='ltr' id='par_1_4' title="bbox 333 809 1663 892">
     <span class='ocr_line' id='line_1_6' title="bbox 333 809 1663 892; baseline -0.002 -16"><span class='ocrx_word' id='word_1_34' title='bbox 333 812 448 878; x_wconf 88' lang='lat' dir='ltr'><strong>itinere</strong></span> <span class='ocrx_word' id='word_1_35' title='bbox 461 811 619 878; x_wconf 89' lang='lat' dir='ltr'><strong>maritimo</strong></span> <span class='ocrx_word' id='word_1_36' title='bbox 631 811 802 876; x_wconf 76' lang='lat' dir='ltr'><strong>comitatus</strong></span> <span class='ocrx_word' id='word_1_37' title='bbox 813 817 864 877; x_wconf 90' lang='lat' dir='ltr'><strong>est</strong></span> <span class='ocrx_word' id='word_1_38' title='bbox 874 813 1008 878; x_wconf 88' lang='lat' dir='ltr'><strong>Romam</strong></span> <span class='ocrx_word' id='word_1_39' title='bbox 1018 810 1322 892; x_wconf 77' lang='lat' dir='ltr'><strong>(Aet.27,1.seqq.),</strong></span> <span class='ocrx_word' id='word_1_40' title='bbox 1339 809 1437 874; x_wconf 93' lang='lat' dir='ltr'><strong>ethic</strong></span> <span class='ocrx_word' id='word_1_41' title='bbox 1450 810 1550 874; x_wconf 89' lang='lat' dir='ltr'><strong>denuo</strong></span> <span class='ocrx_word' id='word_1_42' title='bbox 1662 859 1663 862; x_wconf 63' lang='lat'><strong>,</strong></span> 
     </span>
    </p>
   </div>
   <div class='ocr_carea' id='block_1_5' title="bbox 258 895 1556 3034">
    <p class='ocr_par' dir='ltr' id='par_1_5' title="bbox 333 895 1552 1150">
     <span class='ocr_line' id='line_1_7' title="bbox 333 895 1552 979; baseline -0.002 -16"><span class='ocrx_word' id='word_1_43' title='bbox 333 917 394 979; x_wconf 91' lang='lat' dir='ltr'><strong>per</strong></span> <span class='ocrx_word' id='word_1_44' title='bbox 405 898 567 964; x_wconf 84' lang='lat' dir='ltr'><strong>biennium</strong></span> <span class='ocrx_word' id='word_1_45' title='bbox 581 915 654 962; x_wconf 92' lang='lat' dir='ltr'><strong>eum</strong></span> <span class='ocrx_word' id='word_1_46' title='bbox 668 916 730 961; x_wconf 91' lang='lat' dir='ltr'><strong>non</strong></span> <span class='ocrx_word' id='word_1_47' title='bbox 744 897 931 978; x_wconf 72' lang='lat' dir='ltr'><strong>dereliquit,</strong></span> <span class='ocrx_word' id='word_1_48' title='bbox 945 897 1009 961; x_wconf 93' lang='lat' dir='ltr'><strong>imo</strong></span> <span class='ocrx_word' id='word_1_49' title='bbox 1023 897 1056 961; x_wconf 96' lang='lat' dir='ltr'><strong>in</strong></span> <span class='ocrx_word' id='word_1_50' title='bbox 1071 896 1212 962; x_wconf 90' lang='lat' dir='ltr'><strong>secunda</strong></span> <span class='ocrx_word' id='word_1_51' title='bbox 1225 914 1353 976; x_wconf 90' lang='lat' dir='ltr'><strong>quoque</strong></span> <span class='ocrx_word' id='word_1_52' title='bbox 1368 895 1552 976; x_wconf 81' lang='lat' dir='ltr'><strong>captivitate</strong></span> 
     </span>
     <span class='ocr_line' id='line_1_8' title="bbox 334 980 1551 1064; baseline -0.004 -14"><span class='ocrx_word' id='word_1_53' title='bbox 334 983 478 1050; x_wconf 85' lang='lat' dir='ltr'><strong>Romana</strong></span> <span class='ocrx_word' id='word_1_54' title='bbox 491 982 769 1049; x_wconf 86' lang='lat' dir='ltr'><strong>nonobstantibus</strong></span> <span class='ocrx_word' id='word_1_55' title='bbox 782 982 934 1064; x_wconf 88' lang='lat' dir='ltr'><strong>periculis</strong></span> <span class='ocrx_word' id='word_1_56' title='bbox 944 983 1042 1050; x_wconf 90' lang='lat' dir='ltr'><strong>variis</strong></span> <span class='ocrx_word' id='word_1_57' title='bbox 1051 982 1157 1048; x_wconf 84' lang='lat' dir='ltr'><strong>Lucas</strong></span> <span class='ocrx_word' id='word_1_58' title='bbox 1170 981 1258 1047; x_wconf 92' lang='lat' dir='ltr'><strong>solus</strong></span> <span class='ocrx_word' id='word_1_59' title='bbox 1268 981 1356 1062; x_wconf 91' lang='lat' dir='ltr'><strong>apud</strong></span> <span class='ocrx_word' id='word_1_60' title='bbox 1365 980 1551 1062; x_wconf 82' lang='lat' dir='ltr'><strong>Apostolum</strong></span> 
     </span>
     <span class='ocr_line' id='line_1_9' title="bbox 333 1068 918 1150; baseline -0.005 -3"><span class='ocrx_word' id='word_1_61' title='bbox 333 1070 487 1135; x_wconf 73' lang='lat' dir='ltr'><strong>remansit</strong></span> <span class='ocrx_word' id='word_1_62' title='bbox 500 1069 557 1147; x_wconf 79' lang='lat' dir='ltr'><strong>(IL</strong></span> <span class='ocrx_word' id='word_1_63' title='bbox 571 1068 651 1132; x_wconf 72' lang='lat' dir='ltr'><strong>&#39;itm</strong></span> <span class='ocrx_word' id='word_1_64' title='bbox 666 1069 697 1146; x_wconf 65' lang='lat' dir='ltr'><strong>‘t</strong></span> <span class='ocrx_word' id='word_1_65' title='bbox 713 1069 742 1132; x_wconf 90' lang='lat'><strong>8.</strong></span> <span class='ocrx_word' id='word_1_66' title='bbox 757 1069 871 1150; x_wconf 65' lang='lat' dir='ltr'><strong>wael·</strong></span> <span class='ocrx_word' id='word_1_67' title='bbox 912 1133 918 1144; x_wconf 93' lang='lat'>.</span> 
     </span>
    </p>

    <p class='ocr_par' dir='ltr' id='par_1_6' title="bbox 258 1151 1554 2263">
     <span class='ocr_line' id='line_1_10' title="bbox 417 1151 1551 1236; baseline -0.005 -15"><span class='ocrx_word' id='word_1_68' title='bbox 417 1155 508 1234; x_wconf 84' lang='lat' dir='ltr'><strong>Sunt,</strong></span> <span class='ocrx_word' id='word_1_69' title='bbox 524 1154 580 1236; x_wconf 91' lang='lat' dir='ltr'><strong>qui</strong></span> <span class='ocrx_word' id='word_1_70' title='bbox 589 1155 710 1218; x_wconf 88' lang='lat' dir='ltr'><strong>Lucam</strong></span> <span class='ocrx_word' id='word_1_71' title='bbox 720 1153 949 1236; x_wconf 81' lang='lat' dir='ltr'><strong>evangelistam</strong></span> <span class='ocrx_word' id='word_1_72' title='bbox 959 1151 1093 1219; x_wconf 83' lang='lat' dir='ltr'><strong>flexione</strong></span> <span class='ocrx_word' id='word_1_73' title='bbox 1104 1151 1239 1218; x_wconf 90' lang='lat' dir='ltr'><strong>nominis</strong></span> <span class='ocrx_word' id='word_1_74' title='bbox 1250 1151 1367 1233; x_wconf 74' lang='lat' dir='ltr'><strong>graeca</strong></span> <span class='ocrx_word' id='word_1_75' title='bbox 1379 1151 1413 1215; x_wconf 96' lang='lat' dir='ltr'><strong>in</strong></span> <span class='ocrx_word' id='word_1_76' title='bbox 1423 1151 1551 1216; x_wconf 87' lang='lat' dir='ltr'><strong>latinam</strong></span> 
     </span>
     <span class='ocr_line' id='line_1_11' title="bbox 332 1237 1552 1319; baseline -0.002 -15"><span class='ocrx_word' id='word_1_77' title='bbox 332 1241 459 1306; x_wconf 65' lang='lat' dir='ltr'><strong>mnata</strong></span> <span class='ocrx_word' id='word_1_78' title='bbox 473 1240 609 1306; x_wconf 89' lang='lat' dir='ltr'><strong>eundem</strong></span> <span class='ocrx_word' id='word_1_79' title='bbox 623 1237 724 1304; x_wconf 84' lang='lat' dir='ltr'><strong>tuisse</strong></span> <span class='ocrx_word' id='word_1_80' title='bbox 737 1239 935 1306; x_wconf 79' lang='lat' dir='ltr'><strong>arbitrentur</strong></span> <span class='ocrx_word' id='word_1_81' title='bbox 948 1239 1061 1317; x_wconf 91' lang='lat' dir='ltr'><strong>virum,</strong></span> <span class='ocrx_word' id='word_1_82' title='bbox 1076 1239 1132 1319; x_wconf 90' lang='lat' dir='ltr'><strong>qui</strong></span> <span class='ocrx_word' id='word_1_83' title='bbox 1142 1238 1213 1304; x_wconf 87' lang='lat' dir='ltr'><strong>Act</strong></span> <span class='ocrx_word' id='word_1_84' title='bbox 1227 1238 1315 1316; x_wconf 88' lang='grc'>13,1.</span> <span class='ocrx_word' id='word_1_85' title='bbox 1330 1237 1449 1302; x_wconf 89' lang='lat' dir='ltr'><strong>Lucius</strong></span> <span class='ocrx_word' id='word_1_86' title='bbox 1464 1255 1552 1302; x_wconf 88' lang='lat' dir='ltr'><strong>voca·</strong></span> 
     </span>
     <span class='ocr_line' id='line_1_12' title="bbox 332 1322 1551 1407; baseline -0.005 -17"><span class='ocrx_word' id='word_1_87' title='bbox 332 1331 396 1406; x_wconf 91' lang='lat' dir='ltr'><strong>tur,</strong></span> <span class='ocrx_word' id='word_1_88' title='bbox 412 1333 445 1392; x_wconf 89' lang='lat' dir='ltr'><strong>et</strong></span> <span class='ocrx_word' id='word_1_89' title='bbox 460 1327 516 1407; x_wconf 90' lang='lat' dir='ltr'><strong>qui</strong></span> <span class='ocrx_word' id='word_1_90' title='bbox 529 1324 741 1407; x_wconf 84' lang='lat' dir='ltr'><strong>probabiliter</strong></span> <span class='ocrx_word' id='word_1_91' title='bbox 754 1325 839 1390; x_wconf 91' lang='lat' dir='ltr'><strong>idem</strong></span> <span class='ocrx_word' id='word_1_92' title='bbox 854 1331 926 1390; x_wconf 91' lang='lat' dir='ltr'><strong>erat</strong></span> <span class='ocrx_word' id='word_1_93' title='bbox 940 1343 1012 1390; x_wconf 92' lang='lat' dir='ltr'><strong>cum</strong></span> <span class='ocrx_word' id='word_1_94' title='bbox 1025 1324 1090 1402; x_wconf 89' lang='lat' dir='ltr'><strong>illo,</strong></span> <span class='ocrx_word' id='word_1_95' title='bbox 1105 1343 1200 1405; x_wconf 90' lang='lat' dir='ltr'><strong>quem</strong></span> <span class='ocrx_word' id='word_1_96' title='bbox 1211 1322 1333 1388; x_wconf 89' lang='lat' dir='ltr'><strong>Paulus</strong></span> <span class='ocrx_word' id='word_1_97' title='bbox 1343 1322 1434 1386; x_wconf 88' lang='lat' dir='ltr'><strong>Rom.</strong></span> <span class='ocrx_word' id='word_1_98' title='bbox 1449 1323 1498 1400; x_wconf 88' lang='grc'><strong>16,</strong></span> <span class='ocrx_word' id='word_1_99' title='bbox 1506 1322 1551 1384; x_wconf 89' lang='grc'><strong>21.</strong></span> 
     </span>
     <span class='ocr_line' id='line_1_13' title="bbox 334 1407 1553 1494; baseline -0.003 -18"><span class='ocrx_word' id='word_1_100' title='bbox 334 1417 505 1494; x_wconf 83' lang='lat' dir='ltr'><strong>cognatum</strong></span> <span class='ocrx_word' id='word_1_101' title='bbox 520 1429 614 1476; x_wconf 86' lang='lat' dir='ltr'><strong>suum</strong></span> <span class='ocrx_word' id='word_1_102' title='bbox 624 1410 711 1476; x_wconf 90' lang='lat' dir='ltr'><strong>dicit.</strong></span> <span class='ocrx_word' id='word_1_103' title='bbox 741 1410 861 1475; x_wconf 91' lang='lat' dir='ltr'><strong>Verum</strong></span> <span class='ocrx_word' id='word_1_104' title='bbox 875 1415 1012 1491; x_wconf 86' lang='lat' dir='ltr'><strong>uterque</strong></span> <span class='ocrx_word' id='word_1_105' title='bbox 1025 1428 1194 1491; x_wconf 88' lang='lat' dir='ltr'><strong>perperam</strong></span> <span class='ocrx_word' id='word_1_106' title='bbox 1207 1407 1424 1486; x_wconf 81' lang='lat' dir='ltr'><strong>confrmditur3</strong></span> <span class='ocrx_word' id='word_1_107' title='bbox 1440 1407 1553 1472; x_wconf 85' lang='lat' dir='ltr'><strong>etenim</strong></span> 
     </span>
     <span class='ocr_line' id='line_1_14' title="bbox 334 1493 1552 1578; baseline -0.001 -20"><span class='ocrx_word' id='word_1_108' title='bbox 334 1514 369 1576; x_wconf 68' lang='lat' dir='ltr'><strong>a)</strong></span> <span class='ocrx_word' id='word_1_109' title='bbox 387 1516 450 1561; x_wconf 92' lang='lat' dir='ltr'><strong>non</strong></span> <span class='ocrx_word' id='word_1_110' title='bbox 465 1497 583 1578; x_wconf 86' lang='lat' dir='ltr'><strong>liquet,</strong></span> <span class='ocrx_word' id='word_1_111' title='bbox 606 1514 663 1561; x_wconf 93' lang='lat' dir='ltr'><strong>cur</strong></span> <span class='ocrx_word' id='word_1_112' title='bbox 676 1495 797 1561; x_wconf 91' lang='lat' dir='ltr'><strong>Paulus</strong></span> <span class='ocrx_word' id='word_1_113' title='bbox 811 1497 949 1561; x_wconf 86' lang='lat' dir='ltr'><strong>eundem</strong></span> <span class='ocrx_word' id='word_1_114' title='bbox 965 1495 1069 1560; x_wconf 92' lang='lat' dir='ltr'><strong>virum</strong></span> <span class='ocrx_word' id='word_1_115' title='bbox 1090 1514 1164 1560; x_wconf 84' lang='lat' dir='ltr'><strong>mor</strong></span> <span class='ocrx_word' id='word_1_116' title='bbox 1177 1495 1313 1572; x_wconf 89' lang='lat' dir='ltr'><strong>Lucam,</strong></span> <span class='ocrx_word' id='word_1_117' title='bbox 1336 1512 1409 1559; x_wconf 87' lang='lat' dir='ltr'><strong>mox</strong></span> <span class='ocrx_word' id='word_1_118' title='bbox 1423 1493 1552 1558; x_wconf 91' lang='lat' dir='ltr'><strong>Lucium</strong></span> 
     </span>
     <span class='ocr_line' id='line_1_15' title="bbox 333 1579 1553 1664; baseline -0.004 -17"><span class='ocrx_word' id='word_1_119' title='bbox 333 1581 545 1664; x_wconf 81' lang='lat' dir='ltr'><strong>appellasset3</strong></span> <span class='ocrx_word' id='word_1_120' title='bbox 560 1582 592 1664; x_wconf 83' lang='lat' dir='ltr'><strong>b)</strong></span> <span class='ocrx_word' id='word_1_121' title='bbox 606 1582 712 1646; x_wconf 85' lang='lat' dir='ltr'><strong>Lucas</strong></span> <span class='ocrx_word' id='word_1_122' title='bbox 726 1601 765 1647; x_wconf 91' lang='lat' dir='ltr'><strong>eo</strong></span> <span class='ocrx_word' id='word_1_123' title='bbox 779 1587 933 1663; x_wconf 90' lang='lat' dir='ltr'><strong>tempore,</strong></span> <span class='ocrx_word' id='word_1_124' title='bbox 948 1599 1012 1662; x_wconf 89' lang='lat' dir='ltr'><strong>quo</strong></span> <span class='ocrx_word' id='word_1_125' title='bbox 1023 1580 1144 1646; x_wconf 88' lang='lat' dir='ltr'><strong>Paulus</strong></span> <span class='ocrx_word' id='word_1_126' title='bbox 1155 1579 1246 1646; x_wconf 90' lang='lat' dir='ltr'><strong>Lucii</strong></span> <span class='ocrx_word' id='word_1_127' title='bbox 1260 1579 1386 1644; x_wconf 91' lang='lat' dir='ltr'><strong>nomine</strong></span> <span class='ocrx_word' id='word_1_128' title='bbox 1397 1579 1553 1644; x_wconf 89' lang='lat' dir='ltr'><strong>Romanos</strong></span> 
     </span>
     <span class='ocr_line' id='line_1_16' title="bbox 334 1664 1554 1748; baseline -0.003 -16"><span class='ocrx_word' id='word_1_129' title='bbox 334 1666 513 1748; x_wconf 89' lang='lat' dir='ltr'><strong>salutabat,</strong></span> <span class='ocrx_word' id='word_1_130' title='bbox 538 1687 601 1732; x_wconf 89' lang='lat' dir='ltr'><strong>non</strong></span> <span class='ocrx_word' id='word_1_131' title='bbox 622 1666 778 1746; x_wconf 84' lang='lat' dir='ltr'><strong>Corinthi,</strong></span> <span class='ocrx_word' id='word_1_132' title='bbox 803 1666 859 1732; x_wconf 90' lang='lat' dir='ltr'><strong>ubi</strong></span> <span class='ocrx_word' id='word_1_133' title='bbox 881 1666 1018 1748; x_wconf 89' lang='lat' dir='ltr'><strong>epistola</strong></span> <span class='ocrx_word' id='word_1_134' title='bbox 1038 1667 1081 1730; x_wconf 93' lang='lat' dir='ltr'><strong>ad</strong></span> <span class='ocrx_word' id='word_1_135' title='bbox 1095 1666 1256 1732; x_wconf 88' lang='lat' dir='ltr'><strong>Romanos</strong></span> <span class='ocrx_word' id='word_1_136' title='bbox 1270 1665 1392 1746; x_wconf 88' lang='lat' dir='ltr'><strong>scripta</strong></span> <span class='ocrx_word' id='word_1_137' title='bbox 1406 1670 1476 1744; x_wconf 91' lang='lat' dir='ltr'><strong>est,</strong></span> <span class='ocrx_word' id='word_1_138' title='bbox 1501 1664 1554 1728; x_wconf 91' lang='lat' dir='ltr'><strong>sed</strong></span> 
     </span>
     <span class='ocr_line' id='line_1_17' title="bbox 258 1749 1554 1840; baseline -0.002 -22"><span class='ocrx_word' id='word_1_139' title='bbox 258 1823 267 1840; x_wconf 88' lang='lat'><strong>.</strong></span> <span class='ocrx_word' id='word_1_140' title='bbox 333 1753 490 1835; x_wconf 90' lang='lat' dir='ltr'><strong>Philippis</strong></span> <span class='ocrx_word' id='word_1_141' title='bbox 511 1752 714 1832; x_wconf 83' lang='lat' dir='ltr'><strong>morabatur;</strong></span> <span class='ocrx_word' id='word_1_142' title='bbox 739 1753 768 1830; x_wconf 81' lang='lat' dir='ltr'><strong>c)</strong></span> <span class='ocrx_word' id='word_1_143' title='bbox 787 1770 814 1817; x_wconf 90' lang='lat' dir='ltr'><strong>s.</strong></span> <span class='ocrx_word' id='word_1_144' title='bbox 828 1751 949 1818; x_wconf 89' lang='lat' dir='ltr'><strong>Paulus</strong></span> <span class='ocrx_word' id='word_1_145' title='bbox 970 1752 1013 1817; x_wconf 89' lang='lat' dir='ltr'><strong>ad</strong></span> <span class='ocrx_word' id='word_1_146' title='bbox 1027 1752 1187 1816; x_wconf 86' lang='lat' dir='ltr'><strong>Romanos</strong></span> <span class='ocrx_word' id='word_1_147' title='bbox 1208 1751 1270 1816; x_wconf 90' lang='lat' dir='ltr'><strong>lc.</strong></span> <span class='ocrx_word' id='word_1_148' title='bbox 1284 1749 1419 1815; x_wconf 90' lang='lat' dir='ltr'><strong>Lucium</strong></span> <span class='ocrx_word' id='word_1_149' title='bbox 1443 1768 1554 1832; x_wconf 82' lang='lat' dir='ltr'><strong>cogna-</strong></span> 
     </span>
     <span class='ocr_line' id='line_1_18' title="bbox 333 1836 1554 1919; baseline -0.005 -15"><span class='ocrx_word' id='word_1_150' title='bbox 333 1845 402 1903; x_wconf 92' lang='lat' dir='ltr'><strong>tum</strong></span> <span class='ocrx_word' id='word_1_151' title='bbox 417 1857 520 1918; x_wconf 90' lang='lat' dir='ltr'><strong>suum,</strong></span> <span class='ocrx_word' id='word_1_152' title='bbox 538 1858 601 1904; x_wconf 89' lang='lat' dir='ltr'><strong>non</strong></span> <span class='ocrx_word' id='word_1_153' title='bbox 614 1858 691 1904; x_wconf 88' lang='lat' dir='ltr'><strong>vero</strong></span> <span class='ocrx_word' id='word_1_154' title='bbox 705 1844 744 1903; x_wconf 90' lang='lat' dir='ltr'><strong>ut</strong></span> <span class='ocrx_word' id='word_1_155' title='bbox 755 1839 877 1903; x_wconf 91' lang='lat' dir='ltr'><strong>Lucam</strong></span> <span class='ocrx_word' id='word_1_156' title='bbox 889 1838 922 1902; x_wconf 96' lang='lat' dir='ltr'><strong>in</strong></span> <span class='ocrx_word' id='word_1_157' title='bbox 938 1857 987 1919; x_wconf 93' lang='lat' dir='ltr'><strong>ep.</strong></span> <span class='ocrx_word' id='word_1_158' title='bbox 1002 1838 1044 1902; x_wconf 89' lang='lat' dir='ltr'><strong>ad</strong></span> <span class='ocrx_word' id='word_1_159' title='bbox 1059 1836 1191 1902; x_wconf 93' lang='lat' dir='ltr'><strong>Philem.</strong></span> <span class='ocrx_word' id='word_1_160' title='bbox 1205 1857 1234 1900; x_wconf 90' lang='lat' dir='ltr'><strong>v.</strong></span> <span class='ocrx_word' id='word_1_161' title='bbox 1249 1837 1301 1900; x_wconf 85' lang='grc'><strong>24.</strong></span> <span class='ocrx_word' id='word_1_162' title='bbox 1316 1840 1554 1916; x_wconf 86' lang='lat' dir='ltr'><strong>cooperatorem</strong></span> 
     </span>
     <span class='ocr_line' id='line_1_19' title="bbox 332 1921 1554 2006; baseline -0.004 -17"><span class='ocrx_word' id='word_1_163' title='bbox 332 1924 425 2004; x_wconf 80' lang='lat' dir='ltr'><strong>dicit3</strong></span> <span class='ocrx_word' id='word_1_164' title='bbox 450 1925 589 2006; x_wconf 88' lang='lat' dir='ltr'><strong>denique</strong></span> <span class='ocrx_word' id='word_1_165' title='bbox 614 1923 648 2005; x_wconf 84' lang='lat' dir='ltr'><strong>d)</strong></span> <span class='ocrx_word' id='word_1_166' title='bbox 671 1923 699 1988; x_wconf 90' lang='lat' dir='ltr'><strong>si</strong></span> <span class='ocrx_word' id='word_1_167' title='bbox 719 1924 825 1990; x_wconf 88' lang='lat' dir='ltr'><strong>Lucas</strong></span> <span class='ocrx_word' id='word_1_168' title='bbox 844 1923 879 1988; x_wconf 94' lang='lat' dir='ltr'><strong>in</strong></span> <span class='ocrx_word' id='word_1_169' title='bbox 899 1943 948 2004; x_wconf 92' lang='lat' dir='ltr'><strong>ep.</strong></span> <span class='ocrx_word' id='word_1_170' title='bbox 968 1923 1010 1987; x_wconf 87' lang='lat' dir='ltr'><strong>ad</strong></span> <span class='ocrx_word' id='word_1_171' title='bbox 1031 1921 1197 2000; x_wconf 69' lang='lat' dir='ltr'><strong>Colossi,</strong></span> <span class='ocrx_word' id='word_1_172' title='bbox 1219 1922 1268 1984; x_wconf 84' lang='lat'><strong>14.</strong></span> <span class='ocrx_word' id='word_1_173' title='bbox 1291 1925 1554 1988; x_wconf 86' lang='lat' dir='ltr'><strong>commemoratus</strong></span> 
     </span>
     <span class='ocr_line' id='line_1_20' title="bbox 332 2005 1553 2092; baseline -0.003 -18"><span class='ocrx_word' id='word_1_174' title='bbox 332 2029 416 2076; x_wconf 91' lang='lat' dir='ltr'><strong>unus</strong></span> <span class='ocrx_word' id='word_1_175' title='bbox 429 2010 579 2092; x_wconf 88' lang='lat' dir='ltr'><strong>idemque</strong></span> <span class='ocrx_word' id='word_1_176' title='bbox 593 2015 681 2075; x_wconf 88' lang='lat' dir='ltr'><strong>esset</strong></span> <span class='ocrx_word' id='word_1_177' title='bbox 694 2027 767 2075; x_wconf 93' lang='lat' dir='ltr'><strong>cum</strong></span> <span class='ocrx_word' id='word_1_178' title='bbox 780 2009 893 2088; x_wconf 92' lang='lat' dir='ltr'><strong>Lucio,</strong></span> <span class='ocrx_word' id='word_1_179' title='bbox 914 2008 1008 2074; x_wconf 91' lang='lat' dir='ltr'><strong>Pauli</strong></span> <span class='ocrx_word' id='word_1_180' title='bbox 1023 2012 1176 2090; x_wconf 78' lang='lat' dir='ltr'><strong>cognato,</strong></span> <span class='ocrx_word' id='word_1_181' title='bbox 1190 2005 1380 2087; x_wconf 87' lang='lat' dir='ltr'><strong>Apostolus,</strong></span> <span class='ocrx_word' id='word_1_182' title='bbox 1396 2006 1455 2086; x_wconf 90' lang='lat' dir='ltr'><strong>qui</strong></span> <span class='ocrx_word' id='word_1_183' title='bbox 1469 2005 1553 2070; x_wconf 90' lang='lat' dir='ltr'><strong>illum</strong></span> 
     </span>
     <span class='ocr_line' id='line_1_21' title="bbox 334 2089 1552 2177; baseline -0.005 -17"><span class='ocrx_word' id='word_1_184' title='bbox 334 2094 576 2162; x_wconf 82' lang='lat' dir='ltr'><strong>Colossensibus</strong></span> <span class='ocrx_word' id='word_1_185' title='bbox 601 2096 783 2161; x_wconf 84' lang='lat' dir='ltr'><strong>accuratius</strong></span> <span class='ocrx_word' id='word_1_186' title='bbox 807 2095 977 2177; x_wconf 83' lang='lat' dir='ltr'><strong>designare</strong></span> <span class='ocrx_word' id='word_1_187' title='bbox 1002 2099 1036 2160; x_wconf 91' lang='lat' dir='ltr'><strong>et</strong></span> <span class='ocrx_word' id='word_1_188' title='bbox 1060 2093 1282 2159; x_wconf 92' lang='lat' dir='ltr'><strong>commendare</strong></span> <span class='ocrx_word' id='word_1_189' title='bbox 1301 2091 1418 2170; x_wconf 88' lang='lat' dir='ltr'><strong>voluit,</strong></span> <span class='ocrx_word' id='word_1_190' title='bbox 1445 2089 1552 2172; x_wconf 89' lang='lat' dir='ltr'><strong>procul</strong></span> 
     </span>
     <span class='ocr_line' id='line_1_22' title="bbox 333 2176 1502 2263; baseline -0.004 -17"><span class='ocrx_word' id='word_1_191' title='bbox 333 2180 431 2247; x_wconf 89' lang='lat' dir='ltr'><strong>dubio</strong></span> <span class='ocrx_word' id='word_1_192' title='bbox 446 2182 555 2262; x_wconf 90' lang='lat' dir='ltr'><strong>potius</strong></span> <span class='ocrx_word' id='word_1_193' title='bbox 570 2181 768 2261; x_wconf 87' lang='lat' dir='ltr'><strong>scripsisset:</strong></span> <span class='ocrx_word' id='word_1_194' title='bbox 784 2185 940 2263; x_wconf 84' lang='lat' dir='ltr'><strong>cognatus</strong></span> <span class='ocrx_word' id='word_1_195' title='bbox 954 2197 1054 2258; x_wconf 89' lang='lat' dir='ltr'><strong>meus,</strong></span> <span class='ocrx_word' id='word_1_196' title='bbox 1069 2197 1180 2260; x_wconf 88' lang='lat' dir='ltr'><strong>quam:</strong></span> <span class='ocrx_word' id='word_1_197' title='bbox 1195 2177 1337 2244; x_wconf 91' lang='lat' dir='ltr'><strong>medicus</strong></span> <span class='ocrx_word' id='word_1_198' title='bbox 1352 2176 1502 2242; x_wconf 88' lang='lat' dir='ltr'><strong>dilectus.</strong></span> 
     </span>
    </p>

    <p class='ocr_par' dir='ltr' id='par_1_7' title="bbox 331 2263 1556 3034">
     <span class='ocr_line' id='line_1_23' title="bbox 417 2263 1554 2348; baseline -0.004 -17"><span class='ocrx_word' id='word_1_199' title='bbox 417 2266 550 2348; x_wconf 86' lang='lat' dir='ltr'><strong>Antiqui</strong></span> <span class='ocrx_word' id='word_1_200' title='bbox 564 2267 652 2332; x_wconf 90' lang='lat' dir='ltr'><strong>hisce</strong></span> <span class='ocrx_word' id='word_1_201' title='bbox 671 2266 879 2332; x_wconf 87' lang='lat' dir='ltr'><strong>relationibus</strong></span> <span class='ocrx_word' id='word_1_202' title='bbox 893 2265 1020 2332; x_wconf 91' lang='lat' dir='ltr'><strong>biblicis</strong></span> <span class='ocrx_word' id='word_1_203' title='bbox 1034 2265 1075 2330; x_wconf 94' lang='lat' dir='ltr'><strong>de</strong></span> <span class='ocrx_word' id='word_1_204' title='bbox 1089 2265 1178 2329; x_wconf 90' lang='lat' dir='ltr'><strong>Luca</strong></span> <span class='ocrx_word' id='word_1_205' title='bbox 1197 2263 1291 2345; x_wconf 88' lang='lat' dir='ltr'><strong>plura</strong></span> <span class='ocrx_word' id='word_1_206' title='bbox 1311 2263 1453 2341; x_wconf 92' lang='lat' dir='ltr'><strong>addunt,</strong></span> <span class='ocrx_word' id='word_1_207' title='bbox 1478 2281 1554 2343; x_wconf 90' lang='lat' dir='ltr'><strong>quae</strong></span> 
     </span>
     <span class='ocr_line' id='line_1_24' title="bbox 332 2348 1553 2432; baseline -0.005 -16"><span class='ocrx_word' id='word_1_208' title='bbox 332 2357 442 2417; x_wconf 85' lang='lat' dir='ltr'><strong>autem</strong></span> <span class='ocrx_word' id='word_1_209' title='bbox 462 2353 582 2432; x_wconf 91' lang='lat' dir='ltr'><strong>partim</strong></span> <span class='ocrx_word' id='word_1_210' title='bbox 603 2351 781 2417; x_wconf 91' lang='lat' dir='ltr'><strong>recentiora</strong></span> <span class='ocrx_word' id='word_1_211' title='bbox 803 2357 836 2417; x_wconf 91' lang='lat' dir='ltr'><strong>et</strong></span> <span class='ocrx_word' id='word_1_212' title='bbox 858 2351 957 2417; x_wconf 90' lang='lat' dir='ltr'><strong>dubia</strong></span> <span class='ocrx_word' id='word_1_213' title='bbox 977 2356 1068 2429; x_wconf 91' lang='lat' dir='ltr'><strong>sunt,</strong></span> <span class='ocrx_word' id='word_1_214' title='bbox 1094 2350 1213 2432; x_wconf 89' lang='lat' dir='ltr'><strong>partim</strong></span> <span class='ocrx_word' id='word_1_215' title='bbox 1238 2348 1301 2414; x_wconf 92' lang='lat' dir='ltr'><strong>sibi</strong></span> <span class='ocrx_word' id='word_1_216' title='bbox 1326 2349 1553 2414; x_wconf 79' lang='lat' dir='ltr'><strong>contradimmt.</strong></span> 
     </span>
     <span class='ocr_line' id='line_1_25' title="bbox 331 2432 1553 2520; baseline -0.001 -19"><span class='ocrx_word' id='word_1_217' title='bbox 331 2437 541 2520; x_wconf 82' lang='lat' dir='ltr'><strong>Evangelium</strong></span> <span class='ocrx_word' id='word_1_218' title='bbox 555 2437 759 2519; x_wconf 86' lang='lat' dir='ltr'><strong>praedicasse</strong></span> <span class='ocrx_word' id='word_1_219' title='bbox 772 2437 892 2518; x_wconf 83' lang='lat' dir='ltr'><strong>legitur</strong></span> <span class='ocrx_word' id='word_1_220' title='bbox 905 2437 937 2502; x_wconf 93' lang='lat' dir='ltr'><strong>in</strong></span> <span class='ocrx_word' id='word_1_221' title='bbox 952 2435 1130 2515; x_wconf 89' lang='lat' dir='ltr'><strong>Dalmatia,</strong></span> <span class='ocrx_word' id='word_1_222' title='bbox 1143 2435 1177 2499; x_wconf 96' lang='lat' dir='ltr'><strong>in</strong></span> <span class='ocrx_word' id='word_1_223' title='bbox 1192 2434 1395 2514; x_wconf 86' lang='lat' dir='ltr'><strong>Macedonia,</strong></span> <span class='ocrx_word' id='word_1_224' title='bbox 1410 2432 1553 2511; x_wconf 78' lang='lat' dir='ltr'><strong>Graecia,</strong></span> 
     </span>
     <span class='ocr_line' id='line_1_26' title="bbox 332 2519 1555 2604; baseline -0.002 -17"><span class='ocrx_word' id='word_1_225' title='bbox 332 2522 440 2602; x_wconf 86' lang='lat' dir='ltr'><strong>ltalia,</strong></span> <span class='ocrx_word' id='word_1_226' title='bbox 456 2522 574 2602; x_wconf 85' lang='lat' dir='ltr'><strong>Gallia,</strong></span> <span class='ocrx_word' id='word_1_227' title='bbox 590 2523 687 2588; x_wconf 87' lang='lat' dir='ltr'><strong>etiam</strong></span> <span class='ocrx_word' id='word_1_228' title='bbox 700 2522 733 2586; x_wconf 93' lang='lat' dir='ltr'><strong>in</strong></span> <span class='ocrx_word' id='word_1_229' title='bbox 747 2523 849 2603; x_wconf 81' lang='lat' dir='ltr'><strong>Lybie</strong></span> <span class='ocrx_word' id='word_1_230' title='bbox 864 2529 897 2589; x_wconf 91' lang='lat' dir='ltr'><strong>et</strong></span> <span class='ocrx_word' id='word_1_231' title='bbox 910 2523 943 2588; x_wconf 91' lang='lat' dir='ltr'><strong>in</strong></span> <span class='ocrx_word' id='word_1_232' title='bbox 956 2523 1118 2604; x_wconf 83' lang='lat' dir='ltr'><strong>Aegypto,</strong></span> <span class='ocrx_word' id='word_1_233' title='bbox 1135 2525 1168 2586; x_wconf 90' lang='lat' dir='ltr'><strong>et</strong></span> <span class='ocrx_word' id='word_1_234' title='bbox 1183 2520 1268 2586; x_wconf 92' lang='lat' dir='ltr'><strong>diem</strong></span> <span class='ocrx_word' id='word_1_235' title='bbox 1283 2519 1403 2586; x_wconf 90' lang='lat' dir='ltr'><strong>obiisse</strong></span> <span class='ocrx_word' id='word_1_236' title='bbox 1416 2520 1555 2584; x_wconf 86' lang='lat' dir='ltr'><strong>traditur</strong></span> 
     </span>
     <span class='ocr_line' id='line_1_27' title="bbox 332 2604 1555 2690; baseline -0.004 -16"><span class='ocrx_word' id='word_1_237' title='bbox 332 2612 390 2674; x_wconf 90' lang='lat' dir='ltr'><strong>aut</strong></span> <span class='ocrx_word' id='word_1_238' title='bbox 401 2607 520 2674; x_wconf 89' lang='lat' dir='ltr'><strong>Thebis</strong></span> <span class='ocrx_word' id='word_1_239' title='bbox 530 2608 692 2688; x_wconf 85' lang='lat' dir='ltr'><strong>Boeotiae,</strong></span> <span class='ocrx_word' id='word_1_240' title='bbox 709 2614 766 2674; x_wconf 87' lang='lat' dir='ltr'><strong>aut</strong></span> <span class='ocrx_word' id='word_1_241' title='bbox 776 2608 905 2690; x_wconf 87' lang='lat' dir='ltr'><strong>Ephesi,</strong></span> <span class='ocrx_word' id='word_1_242' title='bbox 920 2607 1021 2674; x_wconf 89' lang='lat' dir='ltr'><strong>autin</strong></span> <span class='ocrx_word' id='word_1_243' title='bbox 1031 2606 1191 2688; x_wconf 87' lang='lat' dir='ltr'><strong>Bithynia,</strong></span> <span class='ocrx_word' id='word_1_244' title='bbox 1208 2605 1380 2687; x_wconf 90' lang='lat' dir='ltr'><strong>etquidem</strong></span> <span class='ocrx_word' id='word_1_245' title='bbox 1391 2604 1444 2670; x_wconf 94' lang='lat' dir='ltr'><strong>vel</strong></span> <span class='ocrx_word' id='word_1_246' title='bbox 1456 2610 1555 2670; x_wconf 83' lang='lat' dir='ltr'><strong>morte</strong></span> 
     </span>
     <span class='ocr_line' id='line_1_28' title="bbox 332 2690 1556 2775; baseline -0.003 -16"><span class='ocrx_word' id='word_1_247' title='bbox 332 2693 470 2759; x_wconf 88' lang='lat' dir='ltr'><strong>naturali</strong></span> <span class='ocrx_word' id='word_1_248' title='bbox 484 2694 536 2759; x_wconf 88' lang='lat' dir='ltr'><strong>vel</strong></span> <span class='ocrx_word' id='word_1_249' title='bbox 550 2695 713 2775; x_wconf 86' lang='lat' dir='ltr'><strong>martyrio.</strong></span> <span class='ocrx_word' id='word_1_250' title='bbox 757 2692 904 2759; x_wconf 78' lang='lat' dir='ltr'><strong>Sedaliue</strong></span> <span class='ocrx_word' id='word_1_251' title='bbox 918 2695 1038 2760; x_wconf 90' lang='lat' dir='ltr'><strong>Lucam</strong></span> <span class='ocrx_word' id='word_1_252' title='bbox 1053 2711 1162 2758; x_wconf 90' lang='lat' dir='ltr'><strong>senem</strong></span> <span class='ocrx_word' id='word_1_253' title='bbox 1178 2691 1219 2755; x_wconf 82' lang='lat'><strong>74</strong></span> <span class='ocrx_word' id='word_1_254' title='bbox 1232 2710 1387 2758; x_wconf 89' lang='lat' dir='ltr'><strong>annorum</strong></span> <span class='ocrx_word' id='word_1_255' title='bbox 1403 2690 1556 2756; x_wconf 87' lang='lat' dir='ltr'><strong>coelibem</strong></span> 
     </span>
     <span class='ocr_line' id='line_1_29' title="bbox 332 2775 1556 2864; baseline -0.002 -20"><span class='ocrx_word' id='word_1_256' title='bbox 332 2779 365 2844; x_wconf 93' lang='lat' dir='ltr'><strong>in</strong></span> <span class='ocrx_word' id='word_1_257' title='bbox 384 2778 505 2844; x_wconf 88' lang='lat' dir='ltr'><strong>Achaia</strong></span> <span class='ocrx_word' id='word_1_258' title='bbox 526 2785 700 2859; x_wconf 90' lang='lat' dir='ltr'><strong>mortuum,</strong></span> <span class='ocrx_word' id='word_1_259' title='bbox 727 2784 761 2846; x_wconf 92' lang='lat' dir='ltr'><strong>et</strong></span> <span class='ocrx_word' id='word_1_260' title='bbox 780 2805 805 2844; x_wconf 82' lang='lat' dir='ltr'><strong>e.</strong></span> <span class='ocrx_word' id='word_1_261' title='bbox 826 2780 1038 2864; x_wconf 65' lang='lat' dir='ltr'><strong>Hieronymus</strong></span> <span class='ocrx_word' id='word_1_262' title='bbox 1060 2796 1176 2861; x_wconf 90' lang='lat' dir='ltr'><strong>corpus</strong></span> <span class='ocrx_word' id='word_1_263' title='bbox 1195 2778 1265 2858; x_wconf 78' lang='lat' dir='ltr'><strong>eJus</strong></span> <span class='ocrx_word' id='word_1_264' title='bbox 1286 2776 1346 2842; x_wconf 93' lang='lat' dir='ltr'><strong>sub</strong></span> <span class='ocrx_word' id='word_1_265' title='bbox 1370 2775 1556 2842; x_wconf 86' lang='lat' dir='ltr'><strong>Constantio</strong></span> 
     </span>
     <span class='ocr_line' id='line_1_30' title="bbox 332 2862 1555 2953; baseline -0.004 -23"><span class='ocrx_word' id='word_1_266' title='bbox 332 2883 415 2930; x_wconf 87' lang='lat' dir='ltr'><strong>anno</strong></span> <span class='ocrx_word' id='word_1_267' title='bbox 440 2865 512 2930; x_wconf 80' lang='lat'><strong>357.</strong></span> <span class='ocrx_word' id='word_1_268' title='bbox 541 2865 848 2948; x_wconf 89' lang='lat' dir='ltr'><strong>Constantinopolim</strong></span> <span class='ocrx_word' id='word_1_269' title='bbox 872 2865 1064 2930; x_wconf 89' lang='lat' dir='ltr'><strong>translatum</strong></span> <span class='ocrx_word' id='word_1_270' title='bbox 1089 2882 1161 2953; x_wconf 82' lang='lat' dir='ltr'><strong>esse</strong></span> <span class='ocrx_word' id='word_1_271' title='bbox 1187 2863 1307 2930; x_wconf 89' lang='lat' dir='ltr'><strong>dicunt.</strong></span> <span class='ocrx_word' id='word_1_272' title='bbox 1362 2862 1555 2947; x_wconf 64' lang='lat' dir='ltr'><strong>lth&#39;cqurorm</strong></span> 
     </span>
     <span class='ocr_line' id='line_1_31' title="bbox 331 2950 962 3034; baseline -0.002 -18"><span class='ocrx_word' id='word_1_273' title='bbox 331 2951 454 3033; x_wconf 89' lang='lat' dir='ltr'><strong>primus</strong></span> <span class='ocrx_word' id='word_1_274' title='bbox 470 2971 543 3018; x_wconf 89' lang='lat' dir='ltr'><strong>eum</strong></span> <span class='ocrx_word' id='word_1_275' title='bbox 556 2952 713 3034; x_wconf 86' lang='lat' dir='ltr'><strong>pictorem</strong></span> <span class='ocrx_word' id='word_1_276' title='bbox 727 2950 827 3017; x_wconf 78' lang='lat' dir='ltr'><strong>trisse</strong></span> <span class='ocrx_word' id='word_1_277' title='bbox 842 2951 962 3016; x_wconf 89' lang='lat' dir='ltr'><strong>scribit.</strong></span> 
     </span>
    </p>
   </div>
   <div class='ocr_carea' id='block_1_6' title="bbox 720 3169 1172 3273">
    <p class='ocr_par' dir='ltr' id='par_1_8' title="bbox 720 3169 1172 3273">
     <span class='ocr_line' id='line_1_32' title="bbox 720 3169 1172 3273; baseline -0.004 -27"><span class='ocrx_word' id='word_1_278' title='bbox 720 3171 756 3273; x_wconf 90' lang='lat' dir='ltr'><strong>a)</strong></span> <span class='ocrx_word' id='word_1_279' title='bbox 784 3169 1023 3265; x_wconf 84' lang='lat' dir='ltr'><strong>Evangelium</strong></span> <span class='ocrx_word' id='word_1_280' title='bbox 1041 3171 1172 3244; x_wconf 88' lang='lat' dir='ltr'><strong>Lucae.</strong></span> 
     </span>
    </p>
   </div>
   <div class='ocr_carea' id='block_1_7' title="bbox 765 3329 1123 3541">
    <p class='ocr_par' dir='ltr' id='par_1_9' title="bbox 765 3329 1123 3541">
     <span class='ocr_line' id='line_1_33' title="bbox 886 3329 1005 3422; baseline 0.017 -18"><span class='ocrx_word' id='word_1_281' title='bbox 886 3340 915 3422; x_wconf 73' lang='lat'><strong>§-</strong></span> <span class='ocrx_word' id='word_1_282' title='bbox 933 3329 1005 3406; x_wconf 82' lang='lat'><strong>126.</strong></span> 
     </span>
     <span class='ocr_line' id='line_1_34' title="bbox 765 3476 1123 3541; baseline -0.006 -11"><span class='ocrx_word' id='word_1_283' title='bbox 765 3477 938 3541; x_wconf 75' lang='lat' dir='ltr'><strong>Evangelii</strong></span> <span class='ocrx_word' id='word_1_284' title='bbox 952 3476 1123 3528; x_wconf 81' lang='lat' dir='ltr'><strong>dedicatio.</strong></span> 
     </span>
    </p>
   </div>
   <div class='ocr_carea' id='block_1_8' title="bbox 332 3628 1558 4144">
    <p class='ocr_par' dir='ltr' id='par_1_10' title="bbox 332 3628 1558 4144">
     <span class='ocr_line' id='line_1_35' title="bbox 418 3628 1557 3715; baseline -0.009 -16"><span class='ocrx_word' id='word_1_285' title='bbox 418 3633 449 3699; x_wconf 86' lang='lat' dir='ltr'><strong>S.</strong></span> <span class='ocrx_word' id='word_1_286' title='bbox 475 3634 580 3699; x_wconf 89' lang='lat' dir='ltr'><strong>Lucas</strong></span> <span class='ocrx_word' id='word_1_287' title='bbox 610 3631 809 3715; x_wconf 87' lang='lat' dir='ltr'><strong>evangelium</strong></span> <span class='ocrx_word' id='word_1_288' title='bbox 839 3650 933 3698; x_wconf 89' lang='lat' dir='ltr'><strong>suum</strong></span> <span class='ocrx_word' id='word_1_289' title='bbox 961 3630 1122 3714; x_wconf 90' lang='lat' dir='ltr'><strong>hujusque</strong></span> <span class='ocrx_word' id='word_1_290' title='bbox 1150 3628 1436 3706; x_wconf 89' lang='lat' dir='ltr'><strong>continuationem,</strong></span> <span class='ocrx_word' id='word_1_291' title='bbox 1471 3631 1557 3692; x_wconf 90' lang='lat' dir='ltr'><strong>actus</strong></span> 
     </span>
     <span class='ocr_line' id='line_1_36' title="bbox 332 3712 1558 3800; baseline -0.006 -18"><span class='ocrx_word' id='word_1_292' title='bbox 332 3718 576 3800; x_wconf 88' lang='lat' dir='ltr'><strong>Apostolorum,</strong></span> <span class='ocrx_word' id='word_1_293' title='bbox 599 3718 761 3784; x_wconf 89' lang='lat' dir='ltr'><strong>dedicavit</strong></span> <span class='ocrx_word' id='word_1_294' title='bbox 780 3717 944 3799; x_wconf 73' lang='lat' dir='ltr'><strong>theophilo</strong></span> <span class='ocrx_word' id='word_1_295' title='bbox 966 3717 1109 3796; x_wconf 88' lang='lat' dir='ltr'><strong>cuidam,</strong></span> <span class='ocrx_word' id='word_1_296' title='bbox 1133 3713 1189 3796; x_wconf 90' lang='lat' dir='ltr'><strong>qui</strong></span> <span class='ocrx_word' id='word_1_297' title='bbox 1212 3714 1342 3795; x_wconf 89' lang='lat' dir='ltr'><strong>quidem</strong></span> <span class='ocrx_word' id='word_1_298' title='bbox 1361 3712 1558 3779; x_wconf 89' lang='lat' dir='ltr'><strong>institutione</strong></span> 
     </span>
     <span class='ocr_line' id='line_1_37' title="bbox 332 3797 1557 3882; baseline -0.007 -14"><span class='ocrx_word' id='word_1_299' title='bbox 332 3803 406 3868; x_wconf 84' lang='lat' dir='ltr'><strong>viva</strong></span> <span class='ocrx_word' id='word_1_300' title='bbox 418 3802 453 3867; x_wconf 91' lang='lat' dir='ltr'><strong>in</strong></span> <span class='ocrx_word' id='word_1_301' title='bbox 474 3803 621 3870; x_wconf 89' lang='lat' dir='ltr'><strong>doctrina</strong></span> <span class='ocrx_word' id='word_1_302' title='bbox 640 3808 674 3870; x_wconf 93' lang='lat' dir='ltr'><strong>et</strong></span> <span class='ocrx_word' id='word_1_303' title='bbox 693 3802 828 3870; x_wconf 90' lang='lat' dir='ltr'><strong>historia</strong></span> <span class='ocrx_word' id='word_1_304' title='bbox 843 3803 924 3869; x_wconf 88' lang='lat' dir='ltr'><strong>Jesu</strong></span> <span class='ocrx_word' id='word_1_305' title='bbox 940 3802 1059 3868; x_wconf 81' lang='lat' dir='ltr'><strong>Christi</strong></span> <span class='ocrx_word' id='word_1_306' title='bbox 1082 3800 1201 3867; x_wconf 88' lang='lat' dir='ltr'><strong>fruitus</strong></span> <span class='ocrx_word' id='word_1_307' title='bbox 1219 3800 1287 3882; x_wconf 89' lang='lat' dir='ltr'><strong>jam</strong></span> <span class='ocrx_word' id='word_1_308' title='bbox 1310 3802 1396 3877; x_wconf 89' lang='lat' dir='ltr'><strong>erat,</strong></span> <span class='ocrx_word' id='word_1_309' title='bbox 1423 3797 1557 3864; x_wconf 88' lang='lat' dir='ltr'><strong>nondum</strong></span> 
     </span>
     <span class='ocr_line' id='line_1_38' title="bbox 332 3882 1557 3969; baseline -0.006 -17"><span class='ocrx_word' id='word_1_310' title='bbox 332 3907 409 3954; x_wconf 84' lang='lat' dir='ltr'><strong>vero</strong></span> <span class='ocrx_word' id='word_1_311' title='bbox 424 3888 506 3953; x_wconf 89' lang='lat' dir='ltr'><strong>adeo</strong></span> <span class='ocrx_word' id='word_1_312' title='bbox 528 3887 672 3969; x_wconf 81' lang='lat' dir='ltr'><strong>perfecte</strong></span> <span class='ocrx_word' id='word_1_313' title='bbox 687 3889 835 3969; x_wconf 90' lang='lat' dir='ltr'><strong>edoctus,</strong></span> <span class='ocrx_word' id='word_1_314' title='bbox 857 3892 896 3954; x_wconf 93' lang='lat' dir='ltr'><strong>ut</strong></span> <span class='ocrx_word' id='word_1_315' title='bbox 914 3889 956 3954; x_wconf 94' lang='lat' dir='ltr'><strong>de</strong></span> <span class='ocrx_word' id='word_1_316' title='bbox 971 3888 1118 3953; x_wconf 89' lang='lat' dir='ltr'><strong>omnibus</strong></span> <span class='ocrx_word' id='word_1_317' title='bbox 1138 3885 1176 3952; x_wconf 80' lang='lat' dir='ltr'><strong>et</strong></span> <span class='ocrx_word' id='word_1_318' title='bbox 1190 3886 1348 3967; x_wconf 86' lang='lat' dir='ltr'><strong>gauderet</strong></span> <span class='ocrx_word' id='word_1_319' title='bbox 1362 3882 1557 3959; x_wconf 87' lang='lat' dir='ltr'><strong>certitudine,</strong></span> 
     </span>
     <span class='ocr_line' id='line_1_39' title="bbox 333 3967 1558 4057; baseline -0.011 -17"><span class='ocrx_word' id='word_1_320' title='bbox 333 3991 431 4057; x_wconf 87' lang='lat' dir='ltr'><strong>quam</strong></span> <span class='ocrx_word' id='word_1_321' title='bbox 452 3977 566 4040; x_wconf 86' lang='lat' dir='ltr'><strong>auctor</strong></span> <span class='ocrx_word' id='word_1_322' title='bbox 589 3973 618 4040; x_wconf 90' lang='lat' dir='ltr'><strong>ei</strong></span> <span class='ocrx_word' id='word_1_323' title='bbox 640 3975 850 4056; x_wconf 89' lang='lat' dir='ltr'><strong>suppeditare</strong></span> <span class='ocrx_word' id='word_1_324' title='bbox 869 3973 1066 4040; x_wconf 88' lang='lat' dir='ltr'><strong>desideravit</strong></span> <span class='ocrx_word' id='word_1_325' title='bbox 1081 3971 1125 4054; x_wconf 93' lang='grc'><strong>(1,</strong></span> <span class='ocrx_word' id='word_1_326' title='bbox 1142 3971 1233 4036; x_wconf 83' lang='grc'>1-4.</span> <span class='ocrx_word' id='word_1_327' title='bbox 1255 3968 1440 4051; x_wconf 88' lang='lat' dir='ltr'><strong>Act.1,1.).</strong></span> <span class='ocrx_word' id='word_1_328' title='bbox 1488 3967 1558 4045; x_wconf 73' lang='lat' dir='ltr'><strong>Quis</strong></span> 
     </span>
     <span class='ocr_line' id='line_1_40' title="bbox 334 4053 1558 4144; baseline -0.007 -20"><span class='ocrx_word' id='word_1_329' title='bbox 334 4072 438 4124; x_wconf 77' lang='lat' dir='ltr'><strong>aaran</strong></span> <span class='ocrx_word' id='word_1_330' title='bbox 445 4059 554 4143; x_wconf 79' lang='lat' dir='ltr'><strong>fuerit</strong></span> <span class='ocrx_word' id='word_1_331' title='bbox 571 4059 757 4144; x_wconf 70' lang='lat' dir='ltr'><strong>Theophilus</strong></span> <span class='ocrx_word' id='word_1_332' title='bbox 772 4059 837 4140; x_wconf 91' lang='lat' dir='ltr'><strong>hic,</strong></span> <span class='ocrx_word' id='word_1_333' title='bbox 860 4078 965 4141; x_wconf 90' lang='lat' dir='ltr'><strong>neque</strong></span> <span class='ocrx_word' id='word_1_334' title='bbox 978 4059 1083 4124; x_wconf 90' lang='lat' dir='ltr'><strong>Lucas</strong></span> <span class='ocrx_word' id='word_1_335' title='bbox 1098 4057 1218 4138; x_wconf 77' lang='lat' dir='ltr'><strong>innrut,</strong></span> <span class='ocrx_word' id='word_1_336' title='bbox 1240 4075 1344 4138; x_wconf 92' lang='lat' dir='ltr'><strong>neque</strong></span> <span class='ocrx_word' id='word_1_337' title='bbox 1357 4053 1558 4135; x_wconf 88' lang='lat' dir='ltr'><strong>antiquorum</strong></span> 
     </span>
    </p>
   </div>
   <div class='ocr_carea' id='block_1_9' title="bbox 333 4128 1665 4230">
    <p class='ocr_par' dir='ltr' id='par_1_11' title="bbox 333 4128 1665 4230">
     <span class='ocr_line' id='line_1_41' title="bbox 333 4128 1665 4230; baseline -0.026 -1"><span class='ocrx_word' id='word_1_338' title='bbox 333 4145 406 4229; x_wconf 90' lang='lat' dir='ltr'><strong>quis</strong></span> <span class='ocrx_word' id='word_1_339' title='bbox 420 4143 530 4211; x_wconf 63' lang='lat' dir='ltr'><strong>mlii·</strong></span> <span class='ocrx_word' id='word_1_340' title='bbox 572 4142 680 4222; x_wconf 64' lang='lat' dir='ltr'><strong>Quare</strong></span> <span class='ocrx_word' id='word_1_341' title='bbox 694 4144 749 4212; x_wconf 77' lang='lat' dir='ltr'><strong>alii</strong></span> <span class='ocrx_word' id='word_1_342' title='bbox 765 4164 803 4212; x_wconf 82' lang='lat' dir='ltr'><strong>ex</strong></span> <span class='ocrx_word' id='word_1_343' title='bbox 819 4144 960 4227; x_wconf 88' lang='lat' dir='ltr'><strong>epitheto</strong></span> <span class='ocrx_word' id='word_1_344' title='bbox 975 4143 1123 4230; x_wconf 74' lang='grc' dir='ltr'><strong>κράτιστε</strong></span> <span class='ocrx_word' id='word_1_345' title='bbox 1139 4143 1168 4224; x_wconf 93' lang='grc'><strong>1,</strong></span> <span class='ocrx_word' id='word_1_346' title='bbox 1183 4144 1212 4208; x_wconf 85' lang='grc'><strong>3.</strong></span> <span class='ocrx_word' id='word_1_347' title='bbox 1230 4142 1391 4224; x_wconf 82' lang='lat' dir='ltr'><strong>colligunt,</strong></span> <span class='ocrx_word' id='word_1_348' title='bbox 1406 4136 1557 4220; x_wconf 89' lang='lat' dir='ltr'><strong>Tbeophi-</strong></span> <span class='ocrx_word' id='word_1_349' title='bbox 1660 4128 1665 4172; x_wconf 57' lang='grc' dir='ltr'>ἰ</span> 
     </span>
    </p>
   </div>
   <div class='ocr_carea' id='block_1_10' title="bbox 332 4226 1557 4484">
    <p class='ocr_par' dir='ltr' id='par_1_12' title="bbox 332 4226 1557 4484">
     <span class='ocr_line' id='line_1_42' title="bbox 332 4226 1556 4331; baseline -0.009 -35"><span class='ocrx_word' id='word_1_350' title='bbox 332 4228 515 4331; x_wconf 65' lang='lat' dir='ltr'><strong>luminisse</strong></span> <span class='ocrx_word' id='word_1_351' title='bbox 529 4229 755 4314; x_wconf 81' lang='lat' dir='ltr'><strong>magistratum</strong></span> <span class='ocrx_word' id='word_1_352' title='bbox 769 4230 991 4313; x_wconf 85' lang='lat' dir='ltr'><strong>insigniorem,</strong></span> <span class='ocrx_word' id='word_1_353' title='bbox 1013 4233 1200 4328; x_wconf 39' lang='lat' dir='ltr'><strong>senatorem·</strong></span> <span class='ocrx_word' id='word_1_354' title='bbox 1214 4233 1272 4294; x_wconf 87' lang='lat' dir='ltr'><strong>aut</strong></span> <span class='ocrx_word' id='word_1_355' title='bbox 1284 4226 1468 4309; x_wconf 87' lang='lat' dir='ltr'><strong>praesidem</strong></span> <span class='ocrx_word' id='word_1_356' title='bbox 1488 4241 1556 4305; x_wconf 89' lang='lat' dir='ltr'><strong>pro-</strong></span> 
     </span>
     <span class='ocr_line' id='line_1_43' title="bbox 332 4311 1557 4484; baseline -0.007 -16"><span class='ocrx_word' id='word_1_357' title='bbox 332 4311 1557 4484; x_wconf 57' lang='lat' dir='ltr'><strong>tttttaatthis-ittettatttttbltt,lttlhtttts</strong></span> 
     </span>
    </p>
   </div>
   <div class='ocr_carea' id='block_1_11' title="bbox 333 4481 1664 4568">
    <p class='ocr_par' dir='ltr' id='par_1_13' title="bbox 333 4481 1664 4568">
     <span class='ocr_line' id='line_1_44' title="bbox 333 4481 1664 4568; baseline -0.011 -14"><span class='ocrx_word' id='word_1_358' title='bbox 333 4487 432 4554; x_wconf 88' lang='lat' dir='ltr'><strong>beant</strong></span> <span class='ocrx_word' id='word_1_359' title='bbox 446 4486 530 4568; x_wconf 88' lang='lat' dir='ltr'><strong>(Act.</strong></span> <span class='ocrx_word' id='word_1_360' title='bbox 546 4487 597 4567; x_wconf 91' lang='grc'><strong>23,</strong></span> <span class='ocrx_word' id='word_1_361' title='bbox 613 4487 664 4550; x_wconf 89' lang='grc'><strong>26.</strong></span> <span class='ocrx_word' id='word_1_362' title='bbox 687 4486 738 4566; x_wconf 88' lang='grc'><strong>24,</strong></span> <span class='ocrx_word' id='word_1_363' title='bbox 754 4489 783 4552; x_wconf 83' lang='lat'><strong>3.</strong></span> <span class='ocrx_word' id='word_1_364' title='bbox 808 4486 858 4567; x_wconf 91' lang='grc'><strong>26,</strong></span> <span class='ocrx_word' id='word_1_365' title='bbox 874 4486 949 4568; x_wconf 83' lang='grc'>25.).</span> <span class='ocrx_word' id='word_1_366' title='bbox 996 4485 1076 4551; x_wconf 92' lang='lat' dir='ltr'><strong>Cum</strong></span> <span class='ocrx_word' id='word_1_367' title='bbox 1098 4490 1206 4550; x_wconf 91' lang='lat' dir='ltr'><strong>autem</strong></span> <span class='ocrx_word' id='word_1_368' title='bbox 1228 4483 1363 4550; x_wconf 89' lang='lat' dir='ltr'><strong>historia</strong></span> <span class='ocrx_word' id='word_1_369' title='bbox 1382 4481 1469 4546; x_wconf 87' lang='lat' dir='ltr'><strong>illius</strong></span> <span class='ocrx_word' id='word_1_370' title='bbox 1483 4482 1556 4543; x_wconf 92' lang='lat' dir='ltr'><strong>tem·</strong></span> <span class='ocrx_word' id='word_1_371' title='bbox 1660 4509 1664 4527; x_wconf 52' lang='grc' dir='ltr'>ι</span> 
     </span>
    </p>
   </div>
   <div class='ocr_carea' id='block_1_12' title="bbox 334 4567 1664 4681">
    <p class='ocr_par' dir='ltr' id='par_1_14' title="bbox 334 4567 1664 4681">
     <span class='ocr_line' id='line_1_45' title="bbox 334 4567 1664 4681; baseline -0.013 -38"><span class='ocrx_word' id='word_1_372' title='bbox 334 4573 422 4658; x_wconf 88' lang='lat' dir='ltr'><strong>poris</strong></span> <span class='ocrx_word' id='word_1_373' title='bbox 444 4572 566 4640; x_wconf 91' lang='lat' dir='ltr'><strong>nullum</strong></span> <span class='ocrx_word' id='word_1_374' title='bbox 587 4576 768 4642; x_wconf 88' lang='lat' dir='ltr'><strong>senatorem</strong></span> <span class='ocrx_word' id='word_1_375' title='bbox 790 4571 885 4656; x_wconf 79' lang='lat' dir='ltr'><strong>htrjus</strong></span> <span class='ocrx_word' id='word_1_376' title='bbox 908 4571 1060 4656; x_wconf 87' lang='lat' dir='ltr'><strong>nominis,</strong></span> <span class='ocrx_word' id='word_1_377' title='bbox 1083 4571 1264 4655; x_wconf 87' lang='lat' dir='ltr'><strong>praesidem</strong></span> <span class='ocrx_word' id='word_1_378' title='bbox 1279 4570 1322 4636; x_wconf 90' lang='lat' dir='ltr'><strong>ad</strong></span> <span class='ocrx_word' id='word_1_379' title='bbox 1337 4567 1554 4652; x_wconf 83' lang='lat' dir='ltr'><strong>magistratum</strong></span> <span class='ocrx_word' id='word_1_380' title='bbox 1660 4604 1664 4681; x_wconf 50' lang='grc' dir='ltr'>Ξ</span> 
     </span>
    </p>
   </div>
   <div class='ocr_carea' id='block_1_13' title="bbox 0 0 1691 5156">
    <p class='ocr_par' dir='ltr' id='par_1_15' title="bbox 0 0 1691 5156">
     <span class='ocr_line' id='line_1_46' title="bbox 0 0 1691 5156; baseline 0 0"><span class='ocrx_word' id='word_1_381' title='bbox 0 0 1691 5156; x_wconf 95' lang='lat' dir='ltr'><strong> </strong></span> 
     </span>
    </p>
   </div>
  </div>
 </body>
</html>
