3314 5166
569 315 854 385 *145*-

188 489 257 555 Etsi
268 489 335 572 jam
346 509 385 556 ex
394 488 459 555 fide
471 488 624 555 ecclesiae
634 488 965 569 romano-cathohcae,
981 488 1122 553 unanimi
1134 507 1174 555 ss.
1188 489 1322 556 Patrum

114 594 256 641 consensu
275 576 360 656 nixa,
386 575 485 640 libros
505 581 631 640 nostros
650 575 783 641 biblisos
805 575 978 656 inspiratos
994 578 1027 639 et
1042 575 1168 641 divinae
1183 579 1322 643 auctori·

77 721 79 728 .
113 661 181 725 tutis
195 679 265 726 esse
278 659 435 726 infallibili
450 660 641 726 certitudine
656 667 795 742 constat,
815 661 862 726 ita
876 665 914 725 ut
933 660 995 725 rite
1015 660 1170 726 intellecti
1192 664 1323 728 creden-

114 746 229 827 dorum,
254 747 451 829 agendorum
476 766 514 812 ac
539 747 769 828 sperandorum
794 765 906 812 norma
932 745 1016 811 omni
1035 747 1107 827 jure
1129 748 1322 815 habeantur:

113 839 208 897 umen
228 833 270 897 ad
288 833 370 898 hano
391 832 544 898 ecclesiae
565 833 743 898 doctrinam
761 832 982 897 vindicandam
1004 836 1037 896 et
1057 832 1183 898 clariori
1205 834 1238 899 in
1252 834 1323 901 luce

114 917 316 983 collocandam
337 920 476 985 humana
498 937 626 1000 quoque
651 937 692 984 ss.
712 924 879 983 auctorum
898 917 936 981 N.
958 918 993 981 Τ.
1014 919 1183 1000 aniopistia
1212 921 1324 987 sedulo

114 1004 308 1069 exammanda
324 1011 356 1070 et
371 1008 520 1071 accurate
534 1005 701 1088 probanda
716 1009 773 1070 cst.
817 1003 958 1069 Huncin
976 1001 1071 1068 finem
1091 1006 1324 1072 demonstrabi-

113 1089 241 1154 mus:N.
257 1091 293 1154 T.
308 1099 457 1157 auctores
779 1117 784 1128 ·
1300 1145 1306 1156 .

189 1176 221 1258 1)
243 1177 371 1258 gavisos
387 1195 458 1242 esse
472 1196 535 1242 non
548 1180 673 1242 tanturn
686 1176 851 1242 occasione
863 1175 1141 1257 opportunissima,
1158 1177 1324 1242 sedetiam

187 1261 220 1344 2)
241 1260 396 1328 facultate
410 1263 607 1344 necessaria,
634 1268 763 1343 cuncta,
791 1281 874 1344 quae
898 1262 1099 1343 describunt,
1125 1262 1187 1328 rite
1210 1281 1325 1345 cogno·

113 1347 224 1426 scendi3
240 1366 295 1413 eos
311 1349 408 1413 etiam
1189 1355 1192 1362 '

186 1433 219 1515 3)
242 1452 368 1498 omnem
391 1432 588 1516 diligentiam
611 1434 645 1498 in
669 1433 783 1513 rebus,
813 1451 895 1515 quas
923 1432 1081 1514 referunt,
1112 1433 1325 1516 dijudicandis

115 1535 276 1600 earumque
289 1525 408 1584 natura
423 1520 631 1586 examinanda
645 1518 843 1600 adhibuisse;
860 1520 989 1584 eosdem

185 1605 219 1687 4)
241 1605 274 1670 in
288 1604 456 1672 referendo
469 1624 596 1688 quoque
607 1605 718 1671 nullibi
728 1605 898 1689 imperitia,
913 1605 1044 1687 incuria,
1059 1605 1255 1688 negligentia
1269 1610 1326 1670 aut

114 1707 289 1773 quacunque
304 1693 429 1758 ratione
443 1691 507 1757 alia
522 1697 633 1758 contra
647 1691 845 1758 voluntatem
861 1709 952 1756 suam
966 1691 1087 1773 ahquid
1103 1691 1248 1758 omisisse
1269 1695 1327 1756 aut

113 1775 265 1858 adJecisse,
280 1779 369 1860 quod
383 1796 491 1844 rerum
505 1778 643 1844 indolem
657 1778 856 1858 immutaret,
873 1795 928 1843 eos
943 1777 1080 1858 denique

187 1863 221 1946 5)
242 1863 357 1930 nullibi
387 1864 524 1930 scientes
552 1864 759 1945 volantesque
788 1863 883 1928 aliam
908 1882 1032 1942 rerum,
1067 1880 1148 1943 quas
1172 1861 1326 1944 referunt,
1358 1893 1360 1900 ·

114 1953 249 2014 naturam
264 1955 536 2032 repraesentasse,
552 1968 590 2016 ac
599 1951 645 2016 de
660 1967 725 2031 qua
737 1949 817 2030 ipsis
831 1948 1112 2030 persuasissimum
1127 1953 1205 2024 crat.

342 2171 393 2274 Α)
420 2173 478 2248 De
494 2168 707 2246 dexteritate
723 2169 753 2246 Ι.
770 2170 808 2244 in
827 2167 1084 2267 cognoscendo.

635 2396 641 2409 .
661 2343 691 2426 a
712 2343 765 2412 99.

166 2477 206 2533 lt.
217 2479 252 2534 M.
265 2481 416 2534 auctores
427 2478 450 2548 1)
463 2480 767 2544 opportunissimam
778 2481 943 2533 habebant
954 2493 1034 2534 vera
1048 2481 1260 2544 cognoscendi

609 2567 818 2619 ooeeeionem.

117 2799 123 2812 .
185 2717 314 2785 Etenim
328 2719 367 2786 N.
383 2719 418 2785 T.
434 2724 583 2786 auctores
598 2737 718 2801 rerum,
736 2738 816 2802 quas
832 2719 988 2802 referunt,
1011 2724 1068 2785 aut
1082 2724 1183 2786 testes
1198 2719 1328 2785 fuerunt

116 2805 288 2888 immediati,
306 2810 363 2872 aut
377 2805 491 2872 saltem
507 2825 578 2871 cum
593 2805 712 2871 tahbus
725 2804 972 2872 famiharissime
987 2806 1174 2872 conversati.

190 2893 217 2956 1.
248 2891 354 2956 Teates
373 2892 550 2956 immediati
566 2903 654 2954 eraut
675 2891 710 2974 a)
729 2916 753 2956 a.
776 2893 928 2973 Joaaaea,
954 2896 1068 2973 utpote
1088 2891 1143 2973 qui
1162 2891 1326 2956 individuo

117 2970 222 3040 Christi
244 2977 405 3043 consortio
425 2995 504 3043 usus
523 2977 557 3042 in
579 2975 707 3058 scriptis
727 2977 793 3043 suris
815 2977 980 3044 doctrinae
1002 2975 1149 3059 magistri
1169 2976 1262 3057 nihil,
1290 2996 1328 3042 ex

116 3057 235 3126 historia
253 3063 449 3145 paucissima
468 3061 583 3144 refert,
606 3081 689 3144 quae
710 3082 773 3128 non
793 3082 831 3130 ex
850 3064 999 3145 autopsia
1017 3063 1147 3128 haurire
1161 3063 1328 3146 potuisset.

117 3141 194 3210 Iden
208 3149 293 3216 valet
309 3149 341 3232 b)
359 3149 396 3214 de
411 3173 451 3213 aa
467 3150 569 3232 Petro,
587 3148 703 3214 Jacobo
719 3162 747 3213 et
761 3149 849 3213 Juda
865 3149 1033 3234 Apostolos.
1060 3149 1091 3232 u)
1107 3147 1138 3214 S.
1153 3149 1329 3212 Matthaeus

119 3229 219 3297 saltem
232 3234 266 3299 in
280 3235 375 3317 longe
389 3234 535 3316 pluribus
549 3234 740 3301 relationum
755 3253 885 3300 suarum
899 3235 1047 3319 partibus
1061 3234 1155 3301 testis
1165 3234 1329 3299 immedia-

120 3317 165 3380 tus
177 3317 341 3386 habendus
357 3326 422 3401 est3
437 3340 511 3386 nam
527 3321 640 3402 omnia,
657 3340 740 3404 quae
754 3327 884 3403 praeter
898 3321 1134 3404 genealogiam,
1151 3319 1330 3402 conceptio·

120 3417 182 3497 nem
196 3409 227 3470 et
241 3407 443 3472 nativitatem
460 3405 588 3488 Christi,
605 3407 773 3490 Magorum
788 3408 974 3490 adventum,
989 3407 1098 3490 fugam
1114 3425 1225 3472 sacrae
1239 3404 1330 3470 fami·

119 3481 172 3552 lma
181 3488 212 3555 in
221 3491 404 3575 Aegyptum
420 3498 453 3559 et
467 3493 615 3575 reditum,
630 3491 862 3559 infanticidium
876 3493 1185 3571 bethlehemiticum3
1201 3496 1331 3574 praeter

120 3567 301 3668 baptismum
316 3583 350 3645 et
363 3579 634 3662 praedicationem
649 3579 670 3646 J
672 3579 782 3645 oannis
796 3580 829 3644 in
844 3581 982 3661 deserto,
996 3578 1164 3644 historiam
1178 3577 1330 3644 tentatio-

120 3660 249 3756 nlstesu
264 3664 385 3730 (lhristi
400 3665 534 3748 ejusque
548 3663 838 3748 transfigurationis
852 3665 885 3729 in
899 3669 1022 3746 monte;
1044 3669 1175 3746 praeter
1193 3663 1331 3731 resusci-

120 3745 260 3815 tctronem
279 3750 365 3818 filiae
380 3750 462 3817 Jahn·
482 3756 515 3817 et
534 3752 687 3834 majorem
706 3755 832 3835 partem
850 3751 1008 3834 passionis
1034 3755 1068 3816 et
1092 3751 1331 3833 apparitionum

121 3829 239 3900 redivivi
253 3836 397 3918 Domini;
413 3837 527 3918 omnia,
541 3838 681 3921 inquam,
697 3856 779 3919 quae
793 3843 923 3919 praeter
936 3837 1016 3904 haec
1030 3834 1144 3918 refert,
1158 3836 1229 3919 ipse
1243 3837 1331 3901 vide·

121 3917 165 3979 rat
177 3921 391 4006 audieratque.
427 3923 496 3989 Nec
510 3923 614 3989 minus
629 3923 665 4007 d)
680 3941 704 3989 a.
720 3925 824 3990 Lucas
840 3942 957 4004 eorum,
974 3921 1104 4004 quaein
1118 3922 1331 3990 alteraActo-

29 4077 30 4092 χ
122 4015 183 4067 mm
195 4006 252 4090 Ap.
266 4013 360 4091 parte
374 4009 449 4076 inde
464 4027 484 4074 a
499 4010 549 4091 16,
566 4011 616 4075 10.
630 4013 753 4092 namet,
768 4010 886 4092 ‚paucis
901 4009 1042 4092 exceptis
1057 4013 1221 4094 spectator
1240 4008 1330 4074 audi-

29 4095 31 4138 i
123 4086 224 4171 torque
238 4100 316 4162 erat
361 4095 456 4174 Quod
469 4095 586 4162 attinet

196 4177 224 4243 2.
252 4205 276 4246 a.
290 4181 482 4246 Mattiacorum
496 4180 530 4246 in
548 4200 621 4247 mox
642 4181 836 4247 enumeratis
852 4179 1007 4264 evangelii
1028 4179 1230 4264 fragmentis,
1252 4177 1331 4244 item

125 4276 145 4316 ⁸·
164 4258 277 4358 bacam
304 4271 454 4350 respectu
482 4267 637 4350 evangelii
663 4271 696 4332 ct
721 4271 866 4333 actorum
885 4267 968 4350 App.
995 4286 1098 4349 usque
1123 4265 1244 4345 ad16,
1271 4265 1331 4344 10.,

126 4339 247 4435 §lemque
260 4375 284 4416 a.
299 4353 463 4417 Marcam:
487 4353 600 4434 utique
620 4353 704 4418 ethi
724 4371 846 4434 eorum,
874 4371 957 4434 quae
979 4352 1122 4418 referunt
1142 4355 1176 4416 et
1195 4367 1331 4432 quorum
1420 4365 1422 4370 ·

125 4435 284 4502 lmmediati
298 4442 400 4505 testes
414 4456 477 4504 non
492 4443 599 4519 erant,
621 4439 684 4504 rite
699 4440 989 4521 cognoscendorum
1008 4437 1248 4520 opportunitate
1269 4455 1332 4502 non

127 4517 270 4587 carebant.
293 4524 345 4591 Sic
357 4543 381 4589 a
390 4525 574 4590 Matthaeus
589 4527 623 4591 et
637 4543 661 4590 s.
673 4525 778 4591 Lucas
793 4524 1012 4609 genealogiam
1023 4523 1044 4589 J
1046 4523 1157 4605 osephi
1168 4528 1202 4590 et
1208 4521 1332 4588 Mariae

170 4615 582 4675 suarna,1nu0arnu.r.uuroa
1094 4623 1128 4679 10
