<?xml version="1.0" encoding="UTF-8"?>
<!DOCTYPE html PUBLIC "-//W3C//DTD XHTML 1.0 Transitional//EN"
    "http://www.w3.org/TR/xhtml1/DTD/xhtml1-transitional.dtd">
<html xmlns="http://www.w3.org/1999/xhtml" xml:lang="en" lang="en">
 <head>
  <title>
</title>
<meta http-equiv="Content-Type" content="text/html;charset=utf-8" />
  <meta name='ocr-system' content='tesseract 3.04.00' />
  <meta name='ocr-capabilities' content='ocr_page ocr_carea ocr_par ocr_line ocrx_word'/>
</head>
<body>
  <div class='ocr_page' id='page_1' title='image "./introductioinsa00gngoog_0220.png"; bbox 0 0 3364 5156; ppageno 0'>
   <div class='ocr_carea' id='block_1_1' title="bbox 658 298 944 361">
    <p class='ocr_par' dir='ltr' id='par_1_1' title="bbox 658 298 944 361">
     <span class='ocr_line' id='line_1_1' title="bbox 658 298 944 361; baseline -0.003 0"><span class='ocrx_word' id='word_1_1' title='bbox 658 298 944 361; x_wconf 42' lang='lat'>*207*-</span> 
     </span>
    </p>
   </div>
   <div class='ocr_carea' id='block_1_2' title="bbox 152 467 1433 4253">
    <p class='ocr_par' dir='ltr' id='par_1_2' title="bbox 169 467 1415 826">
     <span class='ocr_line' id='line_1_2' title="bbox 178 467 1413 551; baseline 0 -21"><span class='ocrx_word' id='word_1_2' title='bbox 178 467 237 548; x_wconf 83' lang='lat'>12,</span> <span class='ocrx_word' id='word_1_3' title='bbox 256 469 282 532; x_wconf 88' lang='lat'>1.</span> <span class='ocrx_word' id='word_1_4' title='bbox 299 487 387 549; x_wconf 84' lang='lat' dir='ltr'>seqq.</span> <span class='ocrx_word' id='word_1_5' title='bbox 404 469 524 534; x_wconf 90' lang='lat' dir='ltr'>Paulus</span> <span class='ocrx_word' id='word_1_6' title='bbox 541 468 701 551; x_wconf 79' lang='lat' dir='ltr'>supponit,</span> <span class='ocrx_word' id='word_1_7' title='bbox 717 468 807 532; x_wconf 87' lang='lat' dir='ltr'>varia</span> <span class='ocrx_word' id='word_1_8' title='bbox 822 469 963 550; x_wconf 83' lang='lat' dir='ltr'>Spiritus</span> <span class='ocrx_word' id='word_1_9' title='bbox 978 487 1002 532; x_wconf 88' lang='lat' dir='ltr'>s.</span> <span class='ocrx_word' id='word_1_10' title='bbox 1019 469 1103 533; x_wconf 90' lang='lat' dir='ltr'>dona</span> <span class='ocrx_word' id='word_1_11' title='bbox 1119 468 1308 534; x_wconf 83' lang='lat' dir='ltr'>Christianis</span> <span class='ocrx_word' id='word_1_12' title='bbox 1324 469 1413 532; x_wconf 86' lang='lat' dir='ltr'>Rom.</span> 
     </span>
     <span class='ocr_line' id='line_1_3' title="bbox 169 553 1415 637; baseline 0 -20"><span class='ocrx_word' id='word_1_13' title='bbox 169 555 251 635; x_wconf 73' lang='lat' dir='ltr'>Jam</span> <span class='ocrx_word' id='word_1_14' title='bbox 266 573 337 618; x_wconf 85' lang='lat' dir='ltr'>esse</span> <span class='ocrx_word' id='word_1_15' title='bbox 360 555 491 634; x_wconf 89' lang='lat' dir='ltr'>collata,</span> <span class='ocrx_word' id='word_1_16' title='bbox 516 560 548 619; x_wconf 89' lang='lat' dir='ltr'>et</span> <span class='ocrx_word' id='word_1_17' title='bbox 563 555 672 637; x_wconf 87' lang='lat' dir='ltr'>plures</span> <span class='ocrx_word' id='word_1_18' title='bbox 689 559 861 619; x_wconf 90' lang='lat' dir='ltr'>conventus</span> <span class='ocrx_word' id='word_1_19' title='bbox 878 573 990 619; x_wconf 86' lang='lat' dir='ltr'>sacros·</span> <span class='ocrx_word' id='word_1_20' title='bbox 1004 553 1217 635; x_wconf 83' lang='lat' dir='ltr'>frequentari,</span> <span class='ocrx_word' id='word_1_21' title='bbox 1242 555 1415 636; x_wconf 71' lang='grc'>1111116111-</span> 
     </span>
     <span class='ocr_line' id='line_1_4' title="bbox 176 640 1415 723; baseline 0.001 -20"><span class='ocrx_word' id='word_1_22' title='bbox 176 659 323 721; x_wconf 89' lang='lat' dir='ltr'>quorum</span> <span class='ocrx_word' id='word_1_23' title='bbox 339 641 410 721; x_wconf 91' lang='lat' dir='ltr'>quis</span> <span class='ocrx_word' id='word_1_24' title='bbox 425 645 549 720; x_wconf 84' lang='lat' dir='ltr'>narret,</span> <span class='ocrx_word' id='word_1_25' title='bbox 569 646 644 705; x_wconf 90' lang='lat' dir='ltr'>ante</span> <span class='ocrx_word' id='word_1_26' title='bbox 657 640 793 723; x_wconf 86' lang='lat' dir='ltr'><strong>primam</strong></span> <span class='ocrx_word' id='word_1_27' title='bbox 808 640 901 704; x_wconf 90' lang='lat' dir='ltr'>Pauli</span> <span class='ocrx_word' id='word_1_28' title='bbox 917 640 1136 722; x_wconf 86' lang='lat' dir='ltr'>captivitatem</span> <span class='ocrx_word' id='word_1_29' title='bbox 1152 641 1249 720; x_wconf 89' lang='lat' dir='ltr'>(anno</span> <span class='ocrx_word' id='word_1_30' title='bbox 1265 640 1415 722; x_wconf 35' lang='lat' dir='ltr'>oissssss.)</span> 
     </span>
     <span class='ocr_line' id='line_1_5' title="bbox 175 726 1271 826; baseline 0.002 -37"><span class='ocrx_word' id='word_1_31' title='bbox 175 731 317 806; x_wconf 87' lang='lat' dir='ltr'>praeter</span> <span class='ocrx_word' id='word_1_32' title='bbox 330 726 464 790; x_wconf 89' lang='lat' dir='ltr'>Petrum</span> <span class='ocrx_word' id='word_1_33' title='bbox 476 726 707 807; x_wconf 84' lang='lat' dir='ltr'>Apostolorum</span> <span class='ocrx_word' id='word_1_34' title='bbox 721 726 819 790; x_wconf 89' lang='lat' dir='ltr'>alium</span> <span class='ocrx_word' id='word_1_35' title='bbox 834 743 975 826; x_wconf 77' lang='lat' dir='ltr'>unquam</span> <span class='ocrx_word' id='word_1_36' title='bbox 990 727 1114 790; x_wconf 88' lang='lat' dir='ltr'>venisse</span> <span class='ocrx_word' id='word_1_37' title='bbox 1129 727 1271 791; x_wconf 85' lang='lat' dir='ltr'>Romam.</span> 
     </span>
    </p>

    <p class='ocr_par' dir='ltr' id='par_1_3' title="bbox 177 811 1416 1064">
     <span class='ocr_line' id='line_1_6' title="bbox 179 811 1416 994; baseline -0.001 -32"><span class='ocrx_word' id='word_1_38' title='bbox 179 811 308 994; x_wconf 66' lang='grc' dir='ltr'>66οέ1.</span> <span class='ocrx_word' id='word_1_39' title='bbox 323 813 357 978; x_wconf 65' lang='lat' dir='ltr'>f,</span> <span class='ocrx_word' id='word_1_40' title='bbox 370 812 1000 978; x_wconf 62' lang='grc'>111111111111111111</span> <span class='ocrx_word' id='word_1_41' title='bbox 1017 812 1324 980; x_wconf 69' lang='grc'>1111111111</span> <span class='ocrx_word' id='word_1_42' title='bbox 1345 811 1416 962; x_wconf 71' lang='lat' dir='ltr'>tl</span> 
     </span>
     <span class='ocr_line' id='line_1_7' title="bbox 177 982 1019 1064; baseline 0.002 -18"><span class='ocrx_word' id='word_1_43' title='bbox 177 988 353 1064; x_wconf 82' lang='lat' dir='ltr'>interpres,</span> <span class='ocrx_word' id='word_1_44' title='bbox 370 983 402 1047; x_wconf 90' lang='lat' dir='ltr'>in</span> <span class='ocrx_word' id='word_1_45' title='bbox 418 983 582 1048; x_wconf 82' lang='lat' dir='ltr'>Orientem</span> <span class='ocrx_word' id='word_1_46' title='bbox 598 987 779 1048; x_wconf 89' lang='lat' dir='ltr'>revertente</span> <span class='ocrx_word' id='word_1_47' title='bbox 795 988 865 1047; x_wconf 88' lang='lat' dir='ltr'>erat</span> <span class='ocrx_word' id='word_1_48' title='bbox 879 982 1019 1048; x_wconf 91' lang='lat' dir='ltr'>relictus.</span> 
     </span>
    </p>

    <p class='ocr_par' dir='ltr' id='par_1_4' title="bbox 177 1068 1416 1323">
     <span class='ocr_line' id='line_1_8' title="bbox 273 1068 1416 1152; baseline -0.001 -19"><span class='ocrx_word' id='word_1_49' title='bbox 273 1069 304 1152; x_wconf 87' lang='lat' dir='ltr'>d)</span> <span class='ocrx_word' id='word_1_50' title='bbox 320 1070 375 1133; x_wconf 78' lang='lat' dir='ltr'>Ea</span> <span class='ocrx_word' id='word_1_51' title='bbox 389 1071 441 1132; x_wconf 76' lang='lat' dir='ltr'>rei</span> <span class='ocrx_word' id='word_1_52' title='bbox 451 1081 584 1152; x_wconf 74' lang='lat' dir='ltr'>uacara5</span> <span class='ocrx_word' id='word_1_53' title='bbox 601 1070 717 1134; x_wconf 84' lang='lat' dir='ltr'>etenim</span> <span class='ocrx_word' id='word_1_54' title='bbox 733 1070 773 1133; x_wconf 88' lang='lat' dir='ltr'>ab</span> <span class='ocrx_word' id='word_1_55' title='bbox 786 1068 949 1150; x_wconf 90' lang='lat' dir='ltr'>Apostolis</span> <span class='ocrx_word' id='word_1_56' title='bbox 965 1069 1051 1134; x_wconf 92' lang='lat' dir='ltr'>orbis</span> <span class='ocrx_word' id='word_1_57' title='bbox 1062 1069 1264 1150; x_wconf 86' lang='lat' dir='ltr'>metropolim</span> <span class='ocrx_word' id='word_1_58' title='bbox 1280 1071 1322 1134; x_wconf 92' lang='lat' dir='ltr'>ad</span> <span class='ocrx_word' id='word_1_59' title='bbox 1335 1069 1416 1132; x_wconf 93' lang='lat' dir='ltr'>illud</span> 
     </span>
     <span class='ocr_line' id='line_1_9' title="bbox 178 1154 1415 1237; baseline 0 -21"><span class='ocrx_word' id='word_1_60' title='bbox 178 1172 290 1235; x_wconf 91' lang='lat' dir='ltr'>usque</span> <span class='ocrx_word' id='word_1_61' title='bbox 305 1160 449 1236; x_wconf 88' lang='lat' dir='ltr'>tempus,</span> <span class='ocrx_word' id='word_1_62' title='bbox 471 1173 535 1236; x_wconf 93' lang='lat' dir='ltr'>quo</span> <span class='ocrx_word' id='word_1_63' title='bbox 550 1154 671 1220; x_wconf 88' lang='lat' dir='ltr'>Paulus</span> <span class='ocrx_word' id='word_1_64' title='bbox 686 1155 831 1236; x_wconf 92' lang='lat' dir='ltr'>captivus</span> <span class='ocrx_word' id='word_1_65' title='bbox 846 1155 879 1219; x_wconf 91' lang='lat' dir='ltr'>in</span> <span class='ocrx_word' id='word_1_66' title='bbox 894 1174 965 1220; x_wconf 89' lang='lat' dir='ltr'>eam</span> <span class='ocrx_word' id='word_1_67' title='bbox 981 1161 1050 1220; x_wconf 88' lang='lat' dir='ltr'>orat</span> <span class='ocrx_word' id='word_1_68' title='bbox 1065 1154 1223 1220; x_wconf 91' lang='lat' dir='ltr'>abductus</span> <span class='ocrx_word' id='word_1_69' title='bbox 1239 1155 1323 1236; x_wconf 88' lang='lat' dir='ltr'>(ann.</span> <span class='ocrx_word' id='word_1_70' title='bbox 1340 1155 1415 1237; x_wconf 85' lang='grc'>61),</span> 
     </span>
     <span class='ocr_line' id='line_1_10' title="bbox 177 1239 930 1323; baseline 0.003 -20"><span class='ocrx_word' id='word_1_71' title='bbox 177 1239 281 1320; x_wconf 86' lang='lat' dir='ltr'>plane</span> <span class='ocrx_word' id='word_1_72' title='bbox 296 1258 367 1305; x_wconf 88' lang='lat' dir='ltr'>esse</span> <span class='ocrx_word' id='word_1_73' title='bbox 381 1241 570 1323; x_wconf 82' lang='lat' dir='ltr'>neglectam,</span> <span class='ocrx_word' id='word_1_74' title='bbox 585 1241 672 1306; x_wconf 89' lang='lat' dir='ltr'>haud</span> <span class='ocrx_word' id='word_1_75' title='bbox 689 1246 744 1306; x_wconf 75' lang='lat' dir='ltr'>est·</span> <span class='ocrx_word' id='word_1_76' title='bbox 754 1239 930 1322; x_wconf 86' lang='lat' dir='ltr'>probabile.</span> 
     </span>
    </p>

    <p class='ocr_par' dir='ltr' id='par_1_5' title="bbox 179 1325 1433 1991">
     <span class='ocr_line' id='line_1_11' title="bbox 274 1325 1416 1407; baseline 0 -18"><span class='ocrx_word' id='word_1_77' title='bbox 274 1325 363 1402; x_wconf 86' lang='lat' dir='ltr'>Quae</span> <span class='ocrx_word' id='word_1_78' title='bbox 379 1345 450 1390; x_wconf 93' lang='lat' dir='ltr'>cum</span> <span class='ocrx_word' id='word_1_79' title='bbox 465 1327 512 1390; x_wconf 91' lang='lat' dir='ltr'>ita</span> <span class='ocrx_word' id='word_1_80' title='bbox 527 1327 604 1407; x_wconf 90' lang='lat' dir='ltr'>sint,</span> <span class='ocrx_word' id='word_1_81' title='bbox 628 1327 705 1391; x_wconf 90' lang='lat' dir='ltr'>nihil</span> <span class='ocrx_word' id='word_1_82' title='bbox 728 1327 850 1406; x_wconf 88' lang='lat' dir='ltr'>obstat,</span> <span class='ocrx_word' id='word_1_83' title='bbox 871 1326 1041 1407; x_wconf 85' lang='lat' dir='ltr'>quominus</span> <span class='ocrx_word' id='word_1_84' title='bbox 1064 1331 1258 1407; x_wconf 91' lang='lat' dir='ltr'>statuamus,</span> <span class='ocrx_word' id='word_1_85' title='bbox 1283 1327 1416 1391; x_wconf 88' lang='lat' dir='ltr'>Petrum</span> 
     </span>
     <span class='ocr_line' id='line_1_12' title="bbox 179 1410 1433 1492; baseline 0.002 -19"><span class='ocrx_word' id='word_1_86' title='bbox 179 1410 291 1491; x_wconf 74' lang='lat' dir='ltr'>primi</span> <span class='ocrx_word' id='word_1_87' title='bbox 300 1412 369 1476; x_wconf 87' lang='lat' dir='ltr'>vice</span> <span class='ocrx_word' id='word_1_88' title='bbox 381 1413 515 1477; x_wconf 88' lang='lat' dir='ltr'>Romam</span> <span class='ocrx_word' id='word_1_89' title='bbox 526 1413 651 1477; x_wconf 87' lang='lat' dir='ltr'>venisse</span> <span class='ocrx_word' id='word_1_90' title='bbox 663 1431 744 1478; x_wconf 91' lang='lat' dir='ltr'>anno</span> <span class='ocrx_word' id='word_1_91' title='bbox 756 1412 807 1476; x_wconf 78' lang='lat'>42.</span> <span class='ocrx_word' id='word_1_92' title='bbox 818 1418 893 1492; x_wconf 92' lang='lat' dir='ltr'>post</span> <span class='ocrx_word' id='word_1_93' title='bbox 907 1412 1128 1478; x_wconf 80' lang='lat' dir='ltr'>liberationem</span> <span class='ocrx_word' id='word_1_94' title='bbox 1141 1433 1261 1478; x_wconf 88' lang='lat' dir='ltr'>suamc</span> <span class='ocrx_word' id='word_1_95' title='bbox 1274 1431 1433 1490; x_wconf 86' lang='lat' dir='ltr'>carcere;-</span> 
     </span>
     <span class='ocr_line' id='line_1_13' title="bbox 181 1496 1416 1581; baseline 0.001 -21"><span class='ocrx_word' id='word_1_96' title='bbox 181 1496 263 1561; x_wconf 88' lang='lat' dir='ltr'>dein</span> <span class='ocrx_word' id='word_1_97' title='bbox 277 1501 351 1578; x_wconf 93' lang='lat' dir='ltr'>post</span> <span class='ocrx_word' id='word_1_98' title='bbox 365 1498 505 1563; x_wconf 92' lang='lat' dir='ltr'>reditum</span> <span class='ocrx_word' id='word_1_99' title='bbox 519 1498 551 1562; x_wconf 92' lang='lat' dir='ltr'>in</span> <span class='ocrx_word' id='word_1_100' title='bbox 567 1499 731 1564; x_wconf 88' lang='lat' dir='ltr'>Orientem</span> <span class='ocrx_word' id='word_1_101' title='bbox 746 1497 836 1578; x_wconf 89' lang='grc'>(6116</span> <span class='ocrx_word' id='word_1_102' title='bbox 851 1516 968 1562; x_wconf 90' lang='lat' dir='ltr'>annum</span> <span class='ocrx_word' id='word_1_103' title='bbox 983 1499 1048 1581; x_wconf 75' lang='lat'>52.)</span> <span class='ocrx_word' id='word_1_104' title='bbox 1064 1499 1166 1579; x_wconf 91' lang='lat' dir='ltr'>primo</span> <span class='ocrx_word' id='word_1_105' title='bbox 1182 1499 1318 1564; x_wconf 90' lang='lat' dir='ltr'>Neronis</span> <span class='ocrx_word' id='word_1_106' title='bbox 1336 1503 1416 1563; x_wconf 88' lang='lat' dir='ltr'>tem·</span> 
     </span>
     <span class='ocr_line' id='line_1_14' title="bbox 184 1583 1417 1664; baseline 0 -18"><span class='ocrx_word' id='word_1_107' title='bbox 184 1602 285 1663; x_wconf 90' lang='lat' dir='ltr'>pore,</span> <span class='ocrx_word' id='word_1_108' title='bbox 321 1601 384 1664; x_wconf 89' lang='lat' dir='ltr'>quo</span> <span class='ocrx_word' id='word_1_109' title='bbox 410 1583 703 1648; x_wconf 87' lang='lat' dir='ltr'>Judaeochristiani</span> <span class='ocrx_word' id='word_1_110' title='bbox 730 1603 795 1648; x_wconf 90' lang='lat' dir='ltr'>una</span> <span class='ocrx_word' id='word_1_111' title='bbox 824 1603 896 1648; x_wconf 94' lang='lat' dir='ltr'>cum</span> <span class='ocrx_word' id='word_1_112' title='bbox 922 1584 1056 1649; x_wconf 88' lang='lat' dir='ltr'>Judaeis</span> <span class='ocrx_word' id='word_1_113' title='bbox 1082 1585 1227 1649; x_wconf 83' lang='lat' dir='ltr'>exulibus</span> <span class='ocrx_word' id='word_1_114' title='bbox 1253 1585 1417 1649; x_wconf 90' lang='lat' dir='ltr'>redierunt</span> 
     </span>
     <span class='ocr_line' id='line_1_15' title="bbox 185 1669 1416 1752; baseline 0.002 -20"><span class='ocrx_word' id='word_1_115' title='bbox 185 1669 338 1748; x_wconf 89' lang='lat' dir='ltr'>Romam,</span> <span class='ocrx_word' id='word_1_116' title='bbox 361 1688 443 1734; x_wconf 89' lang='lat' dir='ltr'>anno</span> <span class='ocrx_word' id='word_1_117' title='bbox 459 1670 585 1735; x_wconf 88' lang='lat' dir='ltr'>circiter</span> <span class='ocrx_word' id='word_1_118' title='bbox 599 1670 664 1750; x_wconf 70' lang='lat'>54,</span> <span class='ocrx_word' id='word_1_119' title='bbox 687 1670 824 1752; x_wconf 89' lang='lat' dir='ltr'>denique</span> <span class='ocrx_word' id='word_1_120' title='bbox 839 1675 914 1752; x_wconf 87' lang='lat' dir='ltr'>post</span> <span class='ocrx_word' id='word_1_121' title='bbox 927 1670 990 1735; x_wconf 89' lang='lat' dir='ltr'>iter</span> <span class='ocrx_word' id='word_1_122' title='bbox 1003 1671 1036 1734; x_wconf 94' lang='lat' dir='ltr'>in</span> <span class='ocrx_word' id='word_1_123' title='bbox 1051 1669 1266 1736; x_wconf 88' lang='lat' dir='ltr'>Palaestinam</span> <span class='ocrx_word' id='word_1_124' title='bbox 1287 1689 1416 1751; x_wconf 88' lang='lat' dir='ltr'>suscep-</span> 
     </span>
     <span class='ocr_line' id='line_1_16' title="bbox 184 1755 1415 1838; baseline 0.001 -21"><span class='ocrx_word' id='word_1_125' title='bbox 184 1761 259 1817; x_wconf 85' lang='lat' dir='ltr'>tum</span> <span class='ocrx_word' id='word_1_126' title='bbox 270 1759 344 1819; x_wconf 90' lang='lat' dir='ltr'>ante</span> <span class='ocrx_word' id='word_1_127' title='bbox 355 1755 448 1819; x_wconf 91' lang='lat' dir='ltr'>Pauli</span> <span class='ocrx_word' id='word_1_128' title='bbox 459 1755 632 1820; x_wconf 90' lang='lat' dir='ltr'>adventum</span> <span class='ocrx_word' id='word_1_129' title='bbox 644 1758 765 1821; x_wconf 89' lang='lat' dir='ltr'>Romae</span> <span class='ocrx_word' id='word_1_130' title='bbox 776 1755 861 1836; x_wconf 90' lang='lat' dir='ltr'>(ann.</span> <span class='ocrx_word' id='word_1_131' title='bbox 874 1756 949 1838; x_wconf 83' lang='grc'>61),</span> <span class='ocrx_word' id='word_1_132' title='bbox 965 1761 1138 1837; x_wconf 86' lang='lat' dir='ltr'>peragrata</span> <span class='ocrx_word' id='word_1_133' title='bbox 1149 1756 1261 1837; x_wconf 91' lang='lat' dir='ltr'>Ponto,</span> <span class='ocrx_word' id='word_1_134' title='bbox 1278 1756 1415 1834; x_wconf 85' lang='lat' dir='ltr'>Galatia,</span> 
     </span>
     <span class='ocr_line' id='line_1_17' title="bbox 184 1838 1415 1991; baseline 0.002 -88"><span class='ocrx_word' id='word_1_135' title='bbox 184 1838 410 1991; x_wconf 46' lang='lat' dir='ltr'>Cappadcffla,</span> <span class='ocrx_word' id='word_1_136' title='bbox 432 1841 510 1905; x_wconf 90' lang='lat' dir='ltr'>Asia</span> <span class='ocrx_word' id='word_1_137' title='bbox 532 1842 752 1923; x_wconf 86' lang='lat' dir='ltr'>proconsulari</span> <span class='ocrx_word' id='word_1_138' title='bbox 774 1845 807 1906; x_wconf 92' lang='lat' dir='ltr'>et</span> <span class='ocrx_word' id='word_1_139' title='bbox 821 1842 973 1922; x_wconf 87' lang='lat' dir='ltr'>Bithynia</span> <span class='ocrx_word' id='word_1_140' title='bbox 988 1841 1057 1907; x_wconf 92' lang='lat' dir='ltr'>coll.</span> <span class='ocrx_word' id='word_1_141' title='bbox 1073 1842 1097 1905; x_wconf 91' lang='lat'>1.</span> <span class='ocrx_word' id='word_1_142' title='bbox 1113 1842 1201 1906; x_wconf 87' lang='lat' dir='ltr'>Petri</span> <span class='ocrx_word' id='word_1_143' title='bbox 1219 1843 1247 1922; x_wconf 87' lang='lat'>1,</span> <span class='ocrx_word' id='word_1_144' title='bbox 1265 1843 1310 1922; x_wconf 91' lang='grc'>1.,</span> <span class='ocrx_word' id='word_1_145' title='bbox 1333 1861 1415 1905; x_wconf 87' lang='grc'>6116</span> 
     </span>
     <span class='ocr_line' id='line_1_18' title="bbox 185 1926 381 1990; baseline 0 0"><span class='ocrx_word' id='word_1_146' title='bbox 185 1926 317 1990; x_wconf 89' lang='grc'>61161161</span> <span class='ocrx_word' id='word_1_147' title='bbox 376 1978 381 1990; x_wconf 96' lang='grc'>.</span> 
     </span>
    </p>

    <p class='ocr_par' dir='ltr' id='par_1_6' title="bbox 152 2011 1416 2506">
     <span class='ocr_line' id='line_1_19' title="bbox 152 2011 1414 2094; baseline -0.001 -19"><span class='ocrx_word' id='word_1_148' title='bbox 152 2039 157 2047; x_wconf 93' lang='grc'><em>·</em></span> <span class='ocrx_word' id='word_1_149' title='bbox 273 2011 418 2092; x_wconf 87' lang='lat' dir='ltr'>Objectio</span> <span class='ocrx_word' id='word_1_150' title='bbox 436 2014 463 2076; x_wconf 88' lang='lat'>1.</span> <span class='ocrx_word' id='word_1_151' title='bbox 501 2013 622 2078; x_wconf 89' lang='lat' dir='ltr'>Paulus</span> <span class='ocrx_word' id='word_1_152' title='bbox 644 2013 676 2077; x_wconf 94' lang='lat' dir='ltr'>in</span> <span class='ocrx_word' id='word_1_153' title='bbox 692 2031 751 2077; x_wconf 93' lang='lat' dir='ltr'>sua</span> <span class='ocrx_word' id='word_1_154' title='bbox 765 2012 808 2076; x_wconf 91' lang='lat' dir='ltr'>ad</span> <span class='ocrx_word' id='word_1_155' title='bbox 824 2014 984 2077; x_wconf 87' lang='lat' dir='ltr'>Romanos</span> <span class='ocrx_word' id='word_1_156' title='bbox 1000 2013 1137 2094; x_wconf 88' lang='lat' dir='ltr'>epistola</span> <span class='ocrx_word' id='word_1_157' title='bbox 1151 2011 1269 2077; x_wconf 89' lang='lat' dir='ltr'>multos</span> <span class='ocrx_word' id='word_1_158' title='bbox 1285 2011 1414 2091; x_wconf 85' lang='lat' dir='ltr'>salutat,</span> 
     </span>
     <span class='ocr_line' id='line_1_20' title="bbox 183 2096 1416 2181; baseline 0 -21"><span class='ocrx_word' id='word_1_159' title='bbox 183 2096 264 2177; x_wconf 91' lang='lat' dir='ltr'>quin</span> <span class='ocrx_word' id='word_1_160' title='bbox 279 2102 386 2162; x_wconf 92' lang='lat' dir='ltr'>tamen</span> <span class='ocrx_word' id='word_1_161' title='bbox 401 2097 490 2163; x_wconf 89' lang='lat' dir='ltr'>Petri</span> <span class='ocrx_word' id='word_1_162' title='bbox 506 2099 697 2174; x_wconf 89' lang='lat' dir='ltr'>mentionem</span> <span class='ocrx_word' id='word_1_163' title='bbox 711 2098 823 2179; x_wconf 85' lang='lat' dir='ltr'>faciat,</span> <span class='ocrx_word' id='word_1_164' title='bbox 844 2099 943 2181; x_wconf 90' lang='lat' dir='ltr'>quod,</span> <span class='ocrx_word' id='word_1_165' title='bbox 965 2099 992 2163; x_wconf 89' lang='lat' dir='ltr'>si</span> <span class='ocrx_word' id='word_1_166' title='bbox 1006 2099 1058 2164; x_wconf 93' lang='lat' dir='ltr'>hic</span> <span class='ocrx_word' id='word_1_167' title='bbox 1073 2099 1127 2163; x_wconf 95' lang='lat' dir='ltr'>illo</span> <span class='ocrx_word' id='word_1_168' title='bbox 1143 2102 1287 2179; x_wconf 91' lang='lat' dir='ltr'>tempore</span> <span class='ocrx_word' id='word_1_169' title='bbox 1301 2097 1416 2162; x_wconf 85' lang='lat' dir='ltr'>fuisset</span> 
     </span>
     <span class='ocr_line' id='line_1_21' title="bbox 184 2183 1416 2265; baseline 0.001 -20"><span class='ocrx_word' id='word_1_170' title='bbox 184 2183 317 2262; x_wconf 85' lang='lat' dir='ltr'>Romae,</span> <span class='ocrx_word' id='word_1_171' title='bbox 332 2184 383 2248; x_wconf 86' lang='lat' dir='ltr'>vix</span> <span class='ocrx_word' id='word_1_172' title='bbox 399 2184 569 2249; x_wconf 88' lang='lat' dir='ltr'>omisisset.</span> <span class='ocrx_word' id='word_1_173' title='bbox 613 2185 713 2249; x_wconf 89' lang='lat' dir='ltr'>Porro</span> <span class='ocrx_word' id='word_1_174' title='bbox 729 2203 833 2264; x_wconf 89' lang='lat' dir='ltr'>neque</span> <span class='ocrx_word' id='word_1_175' title='bbox 847 2184 952 2250; x_wconf 92' lang='lat' dir='ltr'>Lucas</span> <span class='ocrx_word' id='word_1_176' title='bbox 967 2184 1037 2248; x_wconf 92' lang='lat' dir='ltr'>Act.</span> <span class='ocrx_word' id='word_1_177' title='bbox 1053 2186 1115 2264; x_wconf 74' lang='lat'>28,</span> <span class='ocrx_word' id='word_1_178' title='bbox 1131 2203 1233 2265; x_wconf 89' lang='lat' dir='ltr'>neque</span> <span class='ocrx_word' id='word_1_179' title='bbox 1248 2184 1368 2247; x_wconf 89' lang='lat' dir='ltr'>Paulus</span> <span class='ocrx_word' id='word_1_180' title='bbox 1383 2184 1416 2247; x_wconf 90' lang='lat' dir='ltr'>in</span> 
     </span>
     <span class='ocr_line' id='line_1_22' title="bbox 183 2267 1416 2351; baseline 0.001 -20"><span class='ocrx_word' id='word_1_181' title='bbox 183 2267 331 2348; x_wconf 88' lang='lat' dir='ltr'>epistolis</span> <span class='ocrx_word' id='word_1_182' title='bbox 347 2288 365 2333; x_wconf 93' lang='lat' dir='ltr'>e</span> <span class='ocrx_word' id='word_1_183' title='bbox 378 2269 483 2350; x_wconf 89' lang='lat' dir='ltr'>prima</span> <span class='ocrx_word' id='word_1_184' title='bbox 495 2270 681 2351; x_wconf 87' lang='lat' dir='ltr'>captivitate</span> <span class='ocrx_word' id='word_1_185' title='bbox 692 2272 835 2335; x_wconf 86' lang='lat' dir='ltr'>Romana</span> <span class='ocrx_word' id='word_1_186' title='bbox 849 2271 956 2336; x_wconf 87' lang='lat' dir='ltr'>missis</span> <span class='ocrx_word' id='word_1_187' title='bbox 968 2271 1057 2335; x_wconf 90' lang='lat' dir='ltr'>Petri</span> <span class='ocrx_word' id='word_1_188' title='bbox 1072 2275 1129 2335; x_wconf 89' lang='lat' dir='ltr'>aut</span> <span class='ocrx_word' id='word_1_189' title='bbox 1144 2271 1331 2335; x_wconf 89' lang='lat' dir='ltr'>meritorum</span> <span class='ocrx_word' id='word_1_190' title='bbox 1347 2270 1416 2350; x_wconf 84' lang='lat' dir='ltr'>ejus</span> 
     </span>
     <span class='ocr_line' id='line_1_23' title="bbox 183 2353 1415 2442; baseline 0.002 -26"><span class='ocrx_word' id='word_1_191' title='bbox 183 2353 228 2416; x_wconf 91' lang='lat' dir='ltr'>de</span> <span class='ocrx_word' id='word_1_192' title='bbox 251 2353 385 2420; x_wconf 87' lang='lat' dir='ltr'>ecclesia</span> <span class='ocrx_word' id='word_1_193' title='bbox 401 2356 544 2420; x_wconf 89' lang='lat' dir='ltr'>Romana</span> <span class='ocrx_word' id='word_1_194' title='bbox 566 2356 724 2435; x_wconf 91' lang='lat' dir='ltr'>meminit;</span> <span class='ocrx_word' id='word_1_195' title='bbox 746 2356 831 2422; x_wconf 91' lang='lat' dir='ltr'>unde</span> <span class='ocrx_word' id='word_1_196' title='bbox 849 2360 957 2438; x_wconf 88' lang='lat' dir='ltr'>patet,</span> <span class='ocrx_word' id='word_1_197' title='bbox 981 2357 1113 2442; x_wconf 91' lang='lat' dir='ltr'>Petrum</span> <span class='ocrx_word' id='word_1_198' title='bbox 1136 2362 1211 2421; x_wconf 87' lang='lat' dir='ltr'>ante</span> <span class='ocrx_word' id='word_1_199' title='bbox 1233 2356 1415 2420; x_wconf 78' lang='grc'>6111111158.</span> 
     </span>
     <span class='ocr_line' id='line_1_24' title="bbox 184 2439 671 2506; baseline 0.012 -4"><span class='ocrx_word' id='word_1_200' title='bbox 184 2439 322 2503; x_wconf 83' lang='lat' dir='ltr'>Romam</span> <span class='ocrx_word' id='word_1_201' title='bbox 337 2459 399 2505; x_wconf 90' lang='lat' dir='ltr'>non</span> <span class='ocrx_word' id='word_1_202' title='bbox 414 2442 549 2506; x_wconf 88' lang='lat' dir='ltr'>venisse.</span> <span class='ocrx_word' id='word_1_203' title='bbox 670 2483 671 2486; x_wconf 60' lang='lat'><em>=</em></span> 
     </span>
    </p>

    <p class='ocr_par' dir='ltr' id='par_1_7' title="bbox 182 2525 1416 3621">
     <span class='ocr_line' id='line_1_25' title="bbox 272 2525 1415 2609; baseline 0.001 -20"><span class='ocrx_word' id='word_1_204' title='bbox 272 2525 367 2607; x_wconf 90' lang='lat' dir='ltr'>Resp.</span> <span class='ocrx_word' id='word_1_205' title='bbox 391 2526 528 2591; x_wconf 90' lang='lat' dir='ltr'>Paulum</span> <span class='ocrx_word' id='word_1_206' title='bbox 542 2528 575 2591; x_wconf 96' lang='lat' dir='ltr'>in</span> <span class='ocrx_word' id='word_1_207' title='bbox 588 2527 680 2609; x_wconf 90' lang='lat' dir='ltr'>epist.</span> <span class='ocrx_word' id='word_1_208' title='bbox 697 2527 739 2592; x_wconf 88' lang='lat' dir='ltr'>ad</span> <span class='ocrx_word' id='word_1_209' title='bbox 751 2529 912 2593; x_wconf 87' lang='lat' dir='ltr'>Romanos</span> <span class='ocrx_word' id='word_1_210' title='bbox 924 2528 1013 2592; x_wconf 91' lang='lat' dir='ltr'>Petri</span> <span class='ocrx_word' id='word_1_211' title='bbox 1024 2549 1086 2593; x_wconf 93' lang='lat' dir='ltr'>non</span> <span class='ocrx_word' id='word_1_212' title='bbox 1097 2527 1203 2593; x_wconf 89' lang='lat' dir='ltr'>facere</span> <span class='ocrx_word' id='word_1_213' title='bbox 1213 2527 1415 2606; x_wconf 88' lang='lat' dir='ltr'>mentionem,</span> 
     </span>
     <span class='ocr_line' id='line_1_26' title="bbox 184 2609 1415 2696; baseline 0.002 -23"><span class='ocrx_word' id='word_1_214' title='bbox 184 2609 302 2675; x_wconf 93' lang='lat' dir='ltr'>mirum</span> <span class='ocrx_word' id='word_1_215' title='bbox 318 2630 389 2677; x_wconf 89' lang='lat' dir='ltr'>esse</span> <span class='ocrx_word' id='word_1_216' title='bbox 404 2614 525 2694; x_wconf 88' lang='lat' dir='ltr'>nequit,</span> <span class='ocrx_word' id='word_1_217' title='bbox 541 2614 568 2678; x_wconf 91' lang='lat' dir='ltr'>si</span> <span class='ocrx_word' id='word_1_218' title='bbox 583 2614 828 2695; x_wconf 86' lang='lat' dir='ltr'>perpendamus,</span> <span class='ocrx_word' id='word_1_219' title='bbox 845 2614 1016 2695; x_wconf 86' lang='lat' dir='ltr'>Apostolos</span> <span class='ocrx_word' id='word_1_220' title='bbox 1032 2613 1178 2696; x_wconf 88' lang='lat' dir='ltr'>(excepto</span> <span class='ocrx_word' id='word_1_221' title='bbox 1191 2614 1211 2677; x_wconf 90' lang='lat' dir='ltr'>J</span> <span class='ocrx_word' id='word_1_222' title='bbox 1213 2615 1313 2679; x_wconf 89' lang='lat' dir='ltr'>acobo</span> <span class='ocrx_word' id='word_1_223' title='bbox 1326 2613 1415 2696; x_wconf 87' lang='lat' dir='ltr'>Min.)</span> 
     </span>
     <span class='ocr_line' id='line_1_27' title="bbox 182 2697 1416 2780; baseline 0.003 -21"><span class='ocrx_word' id='word_1_224' title='bbox 182 2697 242 2760; x_wconf 91' lang='lat' dir='ltr'>uni</span> <span class='ocrx_word' id='word_1_225' title='bbox 256 2697 424 2780; x_wconf 85' lang='lat' dir='ltr'>eidemque</span> <span class='ocrx_word' id='word_1_226' title='bbox 438 2699 508 2764; x_wconf 93' lang='lat' dir='ltr'>loco</span> <span class='ocrx_word' id='word_1_227' title='bbox 523 2717 650 2780; x_wconf 89' lang='lat' dir='ltr'>semper</span> <span class='ocrx_word' id='word_1_228' title='bbox 665 2704 722 2764; x_wconf 87' lang='lat' dir='ltr'>aut</span> <span class='ocrx_word' id='word_1_229' title='bbox 735 2719 795 2780; x_wconf 89' lang='lat' dir='ltr'>per</span> <span class='ocrx_word' id='word_1_230' title='bbox 809 2700 985 2780; x_wconf 83' lang='lat' dir='ltr'>longiorem</span> <span class='ocrx_word' id='word_1_231' title='bbox 1004 2719 1158 2764; x_wconf 88' lang='lat' dir='ltr'>annorum</span> <span class='ocrx_word' id='word_1_232' title='bbox 1174 2701 1290 2765; x_wconf 89' lang='lat' dir='ltr'>seriem</span> <span class='ocrx_word' id='word_1_233' title='bbox 1304 2700 1416 2763; x_wconf 92' lang='lat' dir='ltr'>immo·</span> 
     </span>
     <span class='ocr_line' id='line_1_28' title="bbox 184 2783 1416 2866; baseline 0.002 -21"><span class='ocrx_word' id='word_1_234' title='bbox 184 2783 252 2846; x_wconf 89' lang='grc'>1611</span> <span class='ocrx_word' id='word_1_235' title='bbox 267 2802 330 2848; x_wconf 92' lang='lat' dir='ltr'>non</span> <span class='ocrx_word' id='word_1_236' title='bbox 345 2786 562 2863; x_wconf 84' lang='lat' dir='ltr'>consuevisse;</span> <span class='ocrx_word' id='word_1_237' title='bbox 580 2805 680 2866; x_wconf 89' lang='lat' dir='ltr'>quare</span> <span class='ocrx_word' id='word_1_238' title='bbox 691 2785 866 2866; x_wconf 86' lang='lat' dir='ltr'>Apostolus</span> <span class='ocrx_word' id='word_1_239' title='bbox 879 2786 1004 2850; x_wconf 90' lang='lat' dir='ltr'>omnino</span> <span class='ocrx_word' id='word_1_240' title='bbox 1020 2785 1137 2850; x_wconf 91' lang='lat' dir='ltr'>dubius</span> <span class='ocrx_word' id='word_1_241' title='bbox 1152 2786 1286 2850; x_wconf 86' lang='lat' dir='ltr'>haerere</span> <span class='ocrx_word' id='word_1_242' title='bbox 1301 2785 1416 2866; x_wconf 86' lang='lat' dir='ltr'>potuit,</span> 
     </span>
     <span class='ocr_line' id='line_1_29' title="bbox 182 2870 1415 2952; baseline 0.002 -21"><span class='ocrx_word' id='word_1_243' title='bbox 182 2887 262 2932; x_wconf 88' lang='lat' dir='ltr'>num</span> <span class='ocrx_word' id='word_1_244' title='bbox 278 2870 395 2935; x_wconf 89' lang='lat' dir='ltr'>Petrus</span> <span class='ocrx_word' id='word_1_245' title='bbox 416 2890 452 2935; x_wconf 91' lang='lat' dir='ltr'>eo</span> <span class='ocrx_word' id='word_1_246' title='bbox 473 2879 618 2952; x_wconf 88' lang='lat' dir='ltr'>tempore</span> <span class='ocrx_word' id='word_1_247' title='bbox 633 2871 754 2936; x_wconf 86' lang='lat' dir='ltr'>Romae</span> <span class='ocrx_word' id='word_1_248' title='bbox 775 2870 917 2951; x_wconf 81' lang='lat' dir='ltr'>degeret.</span> <span class='ocrx_word' id='word_1_249' title='bbox 963 2870 1056 2946; x_wconf 82' lang='lat' dir='ltr'>Quod</span> <span class='ocrx_word' id='word_1_250' title='bbox 1078 2871 1194 2934; x_wconf 89' lang='lat' dir='ltr'>attinet</span> <span class='ocrx_word' id='word_1_251' title='bbox 1216 2876 1308 2934; x_wconf 89' lang='lat' dir='ltr'>actus</span> <span class='ocrx_word' id='word_1_252' title='bbox 1322 2870 1415 2952; x_wconf 87' lang='lat' dir='ltr'>App,</span> 
     </span>
     <span class='ocr_line' id='line_1_30' title="bbox 184 2955 1415 3037; baseline 0.001 -20"><span class='ocrx_word' id='word_1_253' title='bbox 184 2959 300 3019; x_wconf 88' lang='lat' dir='ltr'>auctor</span> <span class='ocrx_word' id='word_1_254' title='bbox 315 2956 535 3037; x_wconf 88' lang='lat' dir='ltr'>captivitatem</span> <span class='ocrx_word' id='word_1_255' title='bbox 551 2956 643 3022; x_wconf 88' lang='lat' dir='ltr'>Pauli</span> <span class='ocrx_word' id='word_1_256' title='bbox 659 2963 692 3021; x_wconf 90' lang='lat' dir='ltr'>et</span> <span class='ocrx_word' id='word_1_257' title='bbox 707 2975 754 3036; x_wconf 94' lang='grc'>66,</span> <span class='ocrx_word' id='word_1_258' title='bbox 771 2974 855 3036; x_wconf 86' lang='lat' dir='ltr'>quae</span> <span class='ocrx_word' id='word_1_259' title='bbox 869 2956 990 3020; x_wconf 89' lang='lat' dir='ltr'>Romae</span> <span class='ocrx_word' id='word_1_260' title='bbox 1004 2955 1059 3019; x_wconf 95' lang='lat' dir='ltr'>illo</span> <span class='ocrx_word' id='word_1_261' title='bbox 1074 2963 1218 3037; x_wconf 89' lang='lat' dir='ltr'>tempore</span> <span class='ocrx_word' id='word_1_262' title='bbox 1234 2960 1415 3034; x_wconf 85' lang='lat' dir='ltr'>evenerunt,</span> 
     </span>
     <span class='ocr_line' id='line_1_31' title="bbox 183 3040 1415 3122; baseline 0 -19"><span class='ocrx_word' id='word_1_263' title='bbox 183 3041 388 3121; x_wconf 88' lang='lat' dir='ltr'>paucissimis</span> <span class='ocrx_word' id='word_1_264' title='bbox 403 3042 549 3107; x_wconf 87' lang='lat' dir='ltr'>absolvit.</span> <span class='ocrx_word' id='word_1_265' title='bbox 593 3042 740 3122; x_wconf 88' lang='lat' dir='ltr'>Denique</span> <span class='ocrx_word' id='word_1_266' title='bbox 760 3043 794 3107; x_wconf 92' lang='lat' dir='ltr'>in</span> <span class='ocrx_word' id='word_1_267' title='bbox 816 3040 975 3122; x_wconf 80' lang='lat' dir='ltr'>epistolis,</span> <span class='ocrx_word' id='word_1_268' title='bbox 999 3059 1082 3122; x_wconf 90' lang='lat' dir='ltr'>quae</span> <span class='ocrx_word' id='word_1_269' title='bbox 1097 3061 1116 3106; x_wconf 88' lang='lat' dir='ltr'>a</span> <span class='ocrx_word' id='word_1_270' title='bbox 1131 3041 1231 3107; x_wconf 87' lang='lat' dir='ltr'>Paulo</span> <span class='ocrx_word' id='word_1_271' title='bbox 1248 3042 1369 3106; x_wconf 86' lang='lat' dir='ltr'>Roman</span> <span class='ocrx_word' id='word_1_272' title='bbox 1383 3041 1415 3103; x_wconf 90' lang='lat' dir='ltr'>in</span> 
     </span>
     <span class='ocr_line' id='line_1_32' title="bbox 184 3125 1416 3209; baseline -0.001 -19"><span class='ocrx_word' id='word_1_273' title='bbox 184 3126 290 3207; x_wconf 89' lang='lat' dir='ltr'>prima</span> <span class='ocrx_word' id='word_1_274' title='bbox 313 3128 501 3208; x_wconf 87' lang='lat' dir='ltr'>captivitate</span> <span class='ocrx_word' id='word_1_275' title='bbox 524 3130 663 3209; x_wconf 88' lang='lat' dir='ltr'>scriptae</span> <span class='ocrx_word' id='word_1_276' title='bbox 685 3133 775 3208; x_wconf 88' lang='lat' dir='ltr'>sunt,</span> <span class='ocrx_word' id='word_1_277' title='bbox 802 3126 978 3209; x_wconf 82' lang='lat' dir='ltr'>Apostolus</span> <span class='ocrx_word' id='word_1_278' title='bbox 1000 3145 1104 3208; x_wconf 90' lang='lat' dir='ltr'>neque</span> <span class='ocrx_word' id='word_1_279' title='bbox 1125 3127 1317 3192; x_wconf 83' lang='lat' dir='ltr'>mentionem</span> <span class='ocrx_word' id='word_1_280' title='bbox 1339 3125 1416 3191; x_wconf 85' lang='lat' dir='ltr'>facit</span> 
     </span>
     <span class='ocr_line' id='line_1_33' title="bbox 184 3212 1415 3295; baseline 0 -20"><span class='ocrx_word' id='word_1_281' title='bbox 184 3212 285 3292; x_wconf 89' lang='lat' dir='ltr'>Petri,</span> <span class='ocrx_word' id='word_1_282' title='bbox 301 3213 377 3293; x_wconf 89' lang='lat' dir='ltr'>quia</span> <span class='ocrx_word' id='word_1_283' title='bbox 391 3213 444 3278; x_wconf 94' lang='lat' dir='ltr'>hic</span> <span class='ocrx_word' id='word_1_284' title='bbox 458 3218 527 3278; x_wconf 94' lang='lat' dir='ltr'>tum</span> <span class='ocrx_word' id='word_1_285' title='bbox 542 3213 696 3295; x_wconf 90' lang='lat' dir='ltr'>temporis</span> <span class='ocrx_word' id='word_1_286' title='bbox 712 3215 832 3278; x_wconf 87' lang='lat' dir='ltr'>Romae</span> <span class='ocrx_word' id='word_1_287' title='bbox 847 3233 910 3278; x_wconf 92' lang='lat' dir='ltr'>non</span> <span class='ocrx_word' id='word_1_288' title='bbox 926 3218 1011 3294; x_wconf 89' lang='lat' dir='ltr'>erat,</span> <span class='ocrx_word' id='word_1_289' title='bbox 1028 3214 1086 3278; x_wconf 94' lang='lat' dir='ltr'>sed</span> <span class='ocrx_word' id='word_1_290' title='bbox 1101 3218 1175 3278; x_wconf 89' lang='lat' dir='ltr'>ante</span> <span class='ocrx_word' id='word_1_291' title='bbox 1189 3212 1284 3277; x_wconf 89' lang='lat' dir='ltr'>Pauli</span> <span class='ocrx_word' id='word_1_292' title='bbox 1299 3213 1415 3277; x_wconf 88' lang='lat' dir='ltr'>adven-</span> 
     </span>
     <span class='ocr_line' id='line_1_34' title="bbox 184 3297 1415 3381; baseline 0 -20"><span class='ocrx_word' id='word_1_293' title='bbox 184 3303 255 3362; x_wconf 90' lang='lat' dir='ltr'>tum</span> <span class='ocrx_word' id='word_1_294' title='bbox 270 3297 358 3364; x_wconf 89' lang='lat' dir='ltr'>Urbe</span> <span class='ocrx_word' id='word_1_295' title='bbox 372 3298 486 3365; x_wconf 88' lang='lat' dir='ltr'>relicta</span> <span class='ocrx_word' id='word_1_296' title='bbox 508 3304 541 3365; x_wconf 89' lang='lat' dir='ltr'>et</span> <span class='ocrx_word' id='word_1_297' title='bbox 555 3300 767 3364; x_wconf 79' lang='lat' dir='ltr'>in‘llrientem</span> <span class='ocrx_word' id='word_1_298' title='bbox 787 3318 935 3364; x_wconf 87' lang='lat' dir='ltr'>reversus</span> <span class='ocrx_word' id='word_1_299' title='bbox 957 3319 1017 3381; x_wconf 87' lang='lat' dir='ltr'>per</span> <span class='ocrx_word' id='word_1_300' title='bbox 1031 3300 1128 3364; x_wconf 88' lang='lat' dir='ltr'>Asiae</span> <span class='ocrx_word' id='word_1_301' title='bbox 1143 3299 1273 3364; x_wconf 90' lang='lat' dir='ltr'>minoris</span> <span class='ocrx_word' id='word_1_302' title='bbox 1287 3298 1415 3379; x_wconf 89' lang='lat' dir='ltr'>provin·</span> 
     </span>
     <span class='ocr_line' id='line_1_35' title="bbox 185 3383 1414 3467; baseline -0.001 -19"><span class='ocrx_word' id='word_1_303' title='bbox 185 3384 253 3448; x_wconf 87' lang='lat' dir='ltr'>cias</span> <span class='ocrx_word' id='word_1_304' title='bbox 267 3383 330 3448; x_wconf 88' lang='lat' dir='ltr'>iter</span> <span class='ocrx_word' id='word_1_305' title='bbox 345 3386 500 3467; x_wconf 86' lang='lat' dir='ltr'>suscepit,</span> <span class='ocrx_word' id='word_1_306' title='bbox 523 3404 627 3467; x_wconf 91' lang='lat' dir='ltr'>neque</span> <span class='ocrx_word' id='word_1_307' title='bbox 650 3385 690 3450; x_wconf 93' lang='lat' dir='ltr'>de</span> <span class='ocrx_word' id='word_1_308' title='bbox 705 3385 892 3450; x_wconf 91' lang='lat' dir='ltr'>meritorum</span> <span class='ocrx_word' id='word_1_309' title='bbox 907 3385 996 3450; x_wconf 85' lang='lat' dir='ltr'>Petri</span> <span class='ocrx_word' id='word_1_310' title='bbox 1010 3387 1043 3450; x_wconf 93' lang='lat' dir='ltr'>in</span> <span class='ocrx_word' id='word_1_311' title='bbox 1059 3385 1224 3450; x_wconf 90' lang='lat' dir='ltr'>ecclesiam</span> <span class='ocrx_word' id='word_1_312' title='bbox 1240 3386 1414 3449; x_wconf 89' lang='lat' dir='ltr'>Romanam</span> 
     </span>
     <span class='ocr_line' id='line_1_36' title="bbox 185 3471 1415 3553; baseline -0.001 -20"><span class='ocrx_word' id='word_1_313' title='bbox 185 3471 345 3550; x_wconf 87' lang='lat' dir='ltr'>quaedam</span> <span class='ocrx_word' id='word_1_314' title='bbox 360 3476 487 3552; x_wconf 89' lang='lat' dir='ltr'>narrat,</span> <span class='ocrx_word' id='word_1_315' title='bbox 511 3471 642 3553; x_wconf 89' lang='lat' dir='ltr'>quiade</span> <span class='ocrx_word' id='word_1_316' title='bbox 664 3471 760 3552; x_wconf 91' lang='lat' dir='ltr'>hujus</span> <span class='ocrx_word' id='word_1_317' title='bbox 781 3476 870 3536; x_wconf 86' lang='lat' dir='ltr'>statu</span> <span class='ocrx_word' id='word_1_318' title='bbox 888 3471 1025 3537; x_wconf 87' lang='lat' dir='ltr'>lectores</span> <span class='ocrx_word' id='word_1_319' title='bbox 1040 3491 1099 3551; x_wconf 90' lang='lat' dir='ltr'>per</span> <span class='ocrx_word' id='word_1_320' title='bbox 1112 3471 1240 3536; x_wconf 92' lang='lat' dir='ltr'>nuntios</span> <span class='ocrx_word' id='word_1_321' title='bbox 1256 3488 1331 3534; x_wconf 91' lang='lat' dir='ltr'>suos</span> <span class='ocrx_word' id='word_1_322' title='bbox 1348 3489 1415 3534; x_wconf 91' lang='lat' dir='ltr'>cer·</span> 
     </span>
     <span class='ocr_line' id='line_1_37' title="bbox 187 3555 454 3621; baseline 0.007 -3"><span class='ocrx_word' id='word_1_323' title='bbox 187 3555 288 3620; x_wconf 88' lang='lat' dir='ltr'>tiores</span> <span class='ocrx_word' id='word_1_324' title='bbox 304 3557 454 3621; x_wconf 90' lang='lat' dir='ltr'>reddidit.</span> 
     </span>
    </p>

    <p class='ocr_par' dir='ltr' id='par_1_8' title="bbox 184 3640 1416 4067">
     <span class='ocr_line' id='line_1_38' title="bbox 272 3640 1416 3722; baseline 0.001 -17"><span class='ocrx_word' id='word_1_325' title='bbox 272 3642 394 3722; x_wconf 81' lang='lat' dir='ltr'>ubjeec.</span> <span class='ocrx_word' id='word_1_326' title='bbox 411 3644 440 3707; x_wconf 79' lang='lat'>2.</span> <span class='ocrx_word' id='word_1_327' title='bbox 470 3641 590 3708; x_wconf 92' lang='lat' dir='ltr'>Paulus</span> <span class='ocrx_word' id='word_1_328' title='bbox 604 3642 637 3707; x_wconf 91' lang='lat' dir='ltr'>in</span> <span class='ocrx_word' id='word_1_329' title='bbox 653 3642 744 3722; x_wconf 91' lang='lat' dir='ltr'>epist.</span> <span class='ocrx_word' id='word_1_330' title='bbox 760 3643 803 3706; x_wconf 89' lang='lat' dir='ltr'>ad</span> <span class='ocrx_word' id='word_1_331' title='bbox 817 3644 979 3707; x_wconf 89' lang='lat' dir='ltr'>Romanos</span> <span class='ocrx_word' id='word_1_332' title='bbox 996 3642 1045 3721; x_wconf 81' lang='lat'>15,</span> <span class='ocrx_word' id='word_1_333' title='bbox 1060 3644 1111 3706; x_wconf 80' lang='lat'>20.</span> <span class='ocrx_word' id='word_1_334' title='bbox 1127 3641 1218 3722; x_wconf 90' lang='lat' dir='ltr'>dicit,</span> <span class='ocrx_word' id='word_1_335' title='bbox 1242 3660 1277 3706; x_wconf 91' lang='lat' dir='ltr'>se</span> <span class='ocrx_word' id='word_1_336' title='bbox 1292 3640 1416 3707; x_wconf 91' lang='lat' dir='ltr'>nonnisi</span> 
     </span>
     <span class='ocr_line' id='line_1_39' title="bbox 184 3725 1416 3810; baseline 0.003 -22"><span class='ocrx_word' id='word_1_337' title='bbox 184 3725 218 3788; x_wconf 93' lang='lat' dir='ltr'>in</span> <span class='ocrx_word' id='word_1_338' title='bbox 243 3726 306 3792; x_wconf 91' lang='lat' dir='ltr'>illis</span> <span class='ocrx_word' id='word_1_339' title='bbox 331 3728 515 3808; x_wconf 84' lang='lat' dir='ltr'>regionibus</span> <span class='ocrx_word' id='word_1_340' title='bbox 540 3727 745 3809; x_wconf 85' lang='lat' dir='ltr'>praedicasse</span> <span class='ocrx_word' id='word_1_341' title='bbox 772 3729 988 3810; x_wconf 85' lang='lat' dir='ltr'>evangelium,</span> <span class='ocrx_word' id='word_1_342' title='bbox 1015 3728 1070 3792; x_wconf 92' lang='lat' dir='ltr'>ubi</span> <span class='ocrx_word' id='word_1_343' title='bbox 1096 3746 1187 3792; x_wconf 90' lang='lat' dir='ltr'>nemo</span> <span class='ocrx_word' id='word_1_344' title='bbox 1214 3732 1289 3792; x_wconf 90' lang='lat' dir='ltr'>ante</span> <span class='ocrx_word' id='word_1_345' title='bbox 1310 3728 1416 3809; x_wconf 92' lang='lat' dir='ltr'>ipsum</span> 
     </span>
     <span class='ocr_line' id='line_1_40' title="bbox 186 3810 1416 3895; baseline 0.002 -20"><span class='ocrx_word' id='word_1_346' title='bbox 186 3810 350 3876; x_wconf 83' lang='lat' dir='ltr'>Christum</span> <span class='ocrx_word' id='word_1_347' title='bbox 365 3814 631 3893; x_wconf 87' lang='lat' dir='ltr'>annunciaverat;</span> <span class='ocrx_word' id='word_1_348' title='bbox 646 3814 737 3894; x_wconf 90' lang='lat' dir='ltr'>atqui</span> <span class='ocrx_word' id='word_1_349' title='bbox 753 3813 780 3879; x_wconf 92' lang='lat' dir='ltr'>si</span> <span class='ocrx_word' id='word_1_350' title='bbox 791 3815 859 3895; x_wconf 87' lang='lat' dir='ltr'>jam</span> <span class='ocrx_word' id='word_1_351' title='bbox 875 3820 949 3879; x_wconf 89' lang='grc'>6116</span> <span class='ocrx_word' id='word_1_352' title='bbox 964 3833 1081 3878; x_wconf 93' lang='lat' dir='ltr'>annum</span> <span class='ocrx_word' id='word_1_353' title='bbox 1096 3813 1146 3878; x_wconf 87' lang='lat'>58.</span> <span class='ocrx_word' id='word_1_354' title='bbox 1163 3814 1280 3878; x_wconf 91' lang='lat' dir='ltr'>Petms</span> <span class='ocrx_word' id='word_1_355' title='bbox 1296 3814 1416 3878; x_wconf 89' lang='lat' dir='ltr'>Romae</span> 
     </span>
     <span class='ocr_line' id='line_1_41' title="bbox 184 3898 1415 3981; baseline 0.002 -20"><span class='ocrx_word' id='word_1_356' title='bbox 184 3899 421 3980; x_wconf 88' lang='lat' dir='ltr'>praedicasset,</span> <span class='ocrx_word' id='word_1_357' title='bbox 449 3899 569 3964; x_wconf 90' lang='lat' dir='ltr'>Paulus</span> <span class='ocrx_word' id='word_1_358' title='bbox 592 3900 726 3964; x_wconf 90' lang='lat' dir='ltr'>Romam</span> <span class='ocrx_word' id='word_1_359' title='bbox 748 3898 907 3981; x_wconf 89' lang='lat' dir='ltr'>proficisci</span> <span class='ocrx_word' id='word_1_360' title='bbox 929 3900 1115 3965; x_wconf 89' lang='lat' dir='ltr'>desiderans</span> <span class='ocrx_word' id='word_1_361' title='bbox 1137 3919 1158 3964; x_wconf 89' lang='lat' dir='ltr'>a</span> <span class='ocrx_word' id='word_1_362' title='bbox 1179 3899 1334 3980; x_wconf 87' lang='lat' dir='ltr'>principio</span> <span class='ocrx_word' id='word_1_363' title='bbox 1358 3918 1415 3964; x_wconf 90' lang='lat' dir='ltr'>suo</span> 
     </span>
     <span class='ocr_line' id='line_1_42' title="bbox 185 3981 1372 4067; baseline 0.002 -21"><span class='ocrx_word' id='word_1_364' title='bbox 185 3981 358 4049; x_wconf 88' lang='lat' dir='ltr'>deflectens</span> <span class='ocrx_word' id='word_1_365' title='bbox 374 3990 406 4050; x_wconf 89' lang='lat' dir='ltr'>et</span> <span class='ocrx_word' id='word_1_366' title='bbox 420 3986 651 4067; x_wconf 88' lang='lat' dir='ltr'>inconsequens</span> <span class='ocrx_word' id='word_1_367' title='bbox 666 3990 752 4051; x_wconf 88' lang='lat' dir='ltr'>esset</span> <span class='ocrx_word' id='word_1_368' title='bbox 767 3986 930 4066; x_wconf 89' lang='lat' dir='ltr'>dicendus,</span> <span class='ocrx_word' id='word_1_369' title='bbox 947 3985 1033 4067; x_wconf 91' lang='lat' dir='ltr'>quod</span> <span class='ocrx_word' id='word_1_370' title='bbox 1048 3985 1175 4050; x_wconf 87' lang='lat' dir='ltr'>admitti</span> <span class='ocrx_word' id='word_1_371' title='bbox 1190 3985 1241 4050; x_wconf 89' lang='lat' dir='ltr'>vix</span> <span class='ocrx_word' id='word_1_372' title='bbox 1256 3990 1372 4066; x_wconf 91' lang='lat' dir='ltr'>potest.</span> 
     </span>
    </p>

    <p class='ocr_par' dir='ltr' id='par_1_9' title="bbox 184 4070 1415 4253">
     <span class='ocr_line' id='line_1_43' title="bbox 272 4070 1415 4153; baseline -0.002 -19"><span class='ocrx_word' id='word_1_373' title='bbox 272 4071 367 4152; x_wconf 89' lang='lat' dir='ltr'>Resp.</span> <span class='ocrx_word' id='word_1_374' title='bbox 393 4071 530 4136; x_wconf 91' lang='lat' dir='ltr'>Paulum</span> <span class='ocrx_word' id='word_1_375' title='bbox 541 4072 574 4136; x_wconf 91' lang='lat' dir='ltr'>in</span> <span class='ocrx_word' id='word_1_376' title='bbox 586 4071 748 4153; x_wconf 84' lang='lat' dir='ltr'>evangelio</span> <span class='ocrx_word' id='word_1_377' title='bbox 761 4072 975 4152; x_wconf 90' lang='lat' dir='ltr'>praedicando</span> <span class='ocrx_word' id='word_1_378' title='bbox 987 4071 1067 4134; x_wconf 92' lang='lat' dir='ltr'>illud</span> <span class='ocrx_word' id='word_1_379' title='bbox 1080 4071 1275 4152; x_wconf 89' lang='lat' dir='ltr'>sequebatur</span> <span class='ocrx_word' id='word_1_380' title='bbox 1286 4070 1415 4151; x_wconf 92' lang='lat' dir='ltr'>quidem</span> 
     </span>
     <span class='ocr_line' id='line_1_44' title="bbox 184 4154 1415 4253; baseline -0.001 -34"><span class='ocrx_word' id='word_1_381' title='bbox 184 4154 391 4236; x_wconf 66' lang='lat' dir='ltr'>principium</span> <span class='ocrx_word' id='word_1_382' title='bbox 415 4162 468 4224; x_wconf 91' lang='lat' dir='ltr'>ast</span> <span class='ocrx_word' id='word_1_383' title='bbox 487 4177 528 4223; x_wconf 91' lang='lat' dir='ltr'>ne</span> <span class='ocrx_word' id='word_1_384' title='bbox 548 4158 779 4253; x_wconf 85' lang='lat' dir='ltr'>inconsequens</span> <span class='ocrx_word' id='word_1_385' title='bbox 800 4177 870 4224; x_wconf 90' lang='lat' dir='ltr'>esse</span> <span class='ocrx_word' id='word_1_386' title='bbox 891 4163 924 4222; x_wconf 91' lang='lat' dir='ltr'>et</span> <span class='ocrx_word' id='word_1_387' title='bbox 937 4158 972 4222; x_wconf 91' lang='lat' dir='ltr'>in</span> <span class='ocrx_word' id='word_1_388' title='bbox 985 4176 1121 4222; x_wconf 90' lang='lat' dir='ltr'>messem</span> <span class='ocrx_word' id='word_1_389' title='bbox 1137 4156 1273 4222; x_wconf 88' lang='lat' dir='ltr'>alienam</span> <span class='ocrx_word' id='word_1_390' title='bbox 1287 4155 1415 4220; x_wconf 89' lang='lat' dir='ltr'>mittere</span> 
     </span>
    </p>
   </div>
   <div class='ocr_carea' id='block_1_3' title="bbox 182 4389 1415 4670">
    <p class='ocr_par' dir='ltr' id='par_1_10' title="bbox 182 4389 1415 4670">
     <span class='ocr_line' id='line_1_45' title="bbox 183 4389 1414 4464; baseline -0.001 -19"><span class='ocrx_word' id='word_1_391' title='bbox 183 4398 267 4447; x_wconf 86' lang='lat' dir='ltr'>ment.</span> <span class='ocrx_word' id='word_1_392' title='bbox 281 4407 330 4448; x_wconf 90' lang='lat' dir='ltr'>suo</span> <span class='ocrx_word' id='word_1_393' title='bbox 347 4393 382 4448; x_wconf 86' lang='lat' dir='ltr'>ad</span> <span class='ocrx_word' id='word_1_394' title='bbox 401 4401 482 4464; x_wconf 87' lang='lat' dir='ltr'>caput</span> <span class='ocrx_word' id='word_1_395' title='bbox 494 4395 517 4448; x_wconf 92' lang='lat'>1.</span> <span class='ocrx_word' id='word_1_396' title='bbox 530 4409 571 4463; x_wconf 90' lang='lat' dir='ltr'>ep.</span> <span class='ocrx_word' id='word_1_397' title='bbox 584 4392 619 4448; x_wconf 87' lang='lat' dir='ltr'>ad</span> <span class='ocrx_word' id='word_1_398' title='bbox 630 4391 706 4446; x_wconf 87' lang='lat' dir='ltr'>Rom.</span> <span class='ocrx_word' id='word_1_399' title='bbox 719 4399 792 4448; x_wconf 88' lang='lat' dir='ltr'>recte</span> <span class='ocrx_word' id='word_1_400' title='bbox 810 4392 886 4447; x_wconf 89' lang='lat' dir='ltr'>dicit:</span> <span class='ocrx_word' id='word_1_401' title='bbox 911 4393 996 4462; x_wconf 73' lang='lat' dir='ltr'>„Quia</span> <span class='ocrx_word' id='word_1_402' title='bbox 1013 4394 1115 4463; x_wconf 90' lang='lat' dir='ltr'>primus</span> <span class='ocrx_word' id='word_1_403' title='bbox 1134 4391 1174 4445; x_wconf 88' lang='grc'>616</span> <span class='ocrx_word' id='word_1_404' title='bbox 1185 4389 1282 4444; x_wconf 90' lang='lat' dir='ltr'>Petrus</span> <span class='ocrx_word' id='word_1_405' title='bbox 1300 4404 1345 4444; x_wconf 88' lang='lat' dir='ltr'>ma</span> <span class='ocrx_word' id='word_1_406' title='bbox 1381 4405 1414 4444; x_wconf 89' lang='lat' dir='ltr'>us</span> 
     </span>
     <span class='ocr_line' id='line_1_46' title="bbox 183 4460 1415 4532; baseline -0.002 -18"><span class='ocrx_word' id='word_1_407' title='bbox 183 4461 333 4517; x_wconf 90' lang='lat' dir='ltr'>doctrinam</span> <span class='ocrx_word' id='word_1_408' title='bbox 346 4464 526 4532; x_wconf 80' lang='lat' dir='ltr'>evangelicam</span> <span class='ocrx_word' id='word_1_409' title='bbox 542 4462 679 4532; x_wconf 88' lang='lat' dir='ltr'>praebuit,</span> <span class='ocrx_word' id='word_1_410' title='bbox 700 4463 851 4516; x_wconf 86' lang='lat' dir='ltr'>necessario</span> <span class='ocrx_word' id='word_1_411' title='bbox 866 4462 969 4517; x_wconf 88' lang='lat' dir='ltr'>intulit:</span> <span class='ocrx_word' id='word_1_412' title='bbox 992 4464 1036 4517; x_wconf 92' lang='lat' dir='ltr'>Ad</span> <span class='ocrx_word' id='word_1_413' title='bbox 1053 4460 1248 4516; x_wconf 85' lang='lat' dir='ltr'>confirmandos</span> <span class='ocrx_word' id='word_1_414' title='bbox 1264 4474 1318 4513; x_wconf 86' lang='lat' dir='ltr'>vos.</span> <span class='ocrx_word' id='word_1_415' title='bbox 1381 4476 1415 4513; x_wconf 92' lang='lat' dir='ltr'>on</span> 
     </span>
     <span class='ocr_line' id='line_1_47' title="bbox 183 4529 1413 4599; baseline 0 -17"><span class='ocrx_word' id='word_1_416' title='bbox 183 4531 257 4583; x_wconf 91' lang='lat' dir='ltr'>enim</span> <span class='ocrx_word' id='word_1_417' title='bbox 269 4531 362 4599; x_wconf 88' lang='lat' dir='ltr'>inquit,</span> <span class='ocrx_word' id='word_1_418' title='bbox 382 4532 463 4585; x_wconf 89' lang='lat' dir='ltr'>aliam</span> <span class='ocrx_word' id='word_1_419' title='bbox 474 4532 621 4587; x_wconf 88' lang='lat' dir='ltr'>doctrinam</span> <span class='ocrx_word' id='word_1_420' title='bbox 633 4531 707 4584; x_wconf 84' lang='lat' dir='ltr'>robis</span> <span class='ocrx_word' id='word_1_421' title='bbox 719 4530 823 4594; x_wconf 85' lang='lat' dir='ltr'>afferre,</span> <span class='ocrx_word' id='word_1_422' title='bbox 845 4529 892 4584; x_wconf 88' lang='lat' dir='ltr'>sed</span> <span class='ocrx_word' id='word_1_423' title='bbox 911 4547 979 4597; x_wconf 85' lang='lat' dir='ltr'>eam,</span> <span class='ocrx_word' id='word_1_424' title='bbox 999 4546 1067 4599; x_wconf 89' lang='lat' dir='ltr'>quae</span> <span class='ocrx_word' id='word_1_425' title='bbox 1078 4531 1134 4599; x_wconf 89' lang='lat' dir='ltr'>jam</span> <span class='ocrx_word' id='word_1_426' title='bbox 1147 4530 1236 4584; x_wconf 88' lang='lat' dir='ltr'>oblata</span> <span class='ocrx_word' id='word_1_427' title='bbox 1248 4534 1297 4593; x_wconf 88' lang='lat' dir='ltr'>est,</span> <span class='ocrx_word' id='word_1_428' title='bbox 1318 4529 1413 4583; x_wconf 90' lang='lat' dir='ltr'>confir-</span> 
     </span>
     <span class='ocr_line' id='line_1_48' title="bbox 182 4598 862 4670; baseline 0.003 -19"><span class='ocrx_word' id='word_1_429' title='bbox 182 4614 268 4664; x_wconf 87' lang='lat' dir='ltr'>mare,</span> <span class='ocrx_word' id='word_1_430' title='bbox 280 4606 307 4652; x_wconf 88' lang='lat' dir='ltr'>et</span> <span class='ocrx_word' id='word_1_431' title='bbox 319 4601 427 4655; x_wconf 88' lang='lat' dir='ltr'>arbores</span> <span class='ocrx_word' id='word_1_432' title='bbox 436 4602 494 4669; x_wconf 88' lang='lat' dir='ltr'>jam</span> <span class='ocrx_word' id='word_1_433' title='bbox 505 4601 641 4670; x_wconf 85' lang='lat' dir='ltr'>plantatas</span> <span class='ocrx_word' id='word_1_434' title='bbox 653 4599 765 4666; x_wconf 85' lang='lat' dir='ltr'>irrigare</span> <span class='ocrx_word' id='word_1_435' title='bbox 777 4598 862 4653; x_wconf 83' lang='lat' dir='ltr'>volo.“</span> 
     </span>
    </p>
   </div>
   <div class='ocr_carea' id='block_1_4' title="bbox 0 0 1693 5156">
    <p class='ocr_par' dir='ltr' id='par_1_11' title="bbox 0 0 1693 5156">
     <span class='ocr_line' id='line_1_49' title="bbox 0 0 1693 5156; baseline 0 0"><span class='ocrx_word' id='word_1_436' title='bbox 0 0 1693 5156; x_wconf 95' lang='lat' dir='ltr'> </span> 
     </span>
    </p>
   </div>
  </div>
 </body>
</html>
