3364 5156
707 260 1061 323 -199-.

227 433 274 496 ad
289 429 461 512 Apostolos
476 429 619 510 ducitur,
640 431 782 496 docendo
798 431 995 496 ludaeorum
1011 431 1118 497 odium
1140 431 1171 494 in
1195 449 1229 496 se
1252 434 1406 498 convertit
1429 439 1461 499 et

233 519 366 580 'Fa-rcum
388 515 478 582 abire
493 515 618 598 cogitur
641 515 680 596 (c.
696 517 755 598 tt).-
787 517 865 581 Post
881 517 969 581 Sauli
992 517 1228 583 conversionem
1251 519 1384 585 ecclesia
1403 540 1462 601 per

228 603 407 683 Judaeum,
435 601 611 667 Galilaeam
636 606 668 667 et
692 603 869 670 Samariam
891 602 989 668 habet
1010 621 1138 684 pacem,
1167 607 1199 667 et
1214 603 1331 670 Petrus
1352 624 1460 671 omncs

227 687 374 768 visitans,
389 707 409 752 a
422 687 543 769 Spiritu
559 707 583 752 s.
597 687 738 767 edoctus
754 688 877 770 absque
893 688 1131 753 circumcisione
1145 689 1323 769 praemissa
1337 691 1460 772 primus

229 775 387 839 convertit
405 773 583 837 Corneliam
599 775 818 854 centurionem,
842 775 1004 860 hominem
1017 772 1192 854 ethnicum,
1215 793 1287 839 cum
1303 780 1372 840 tota
1392 777 1460 858 ejus

208 859 366 938 tamilla,
394 864 426 924 et
442 858 696 940 Hierosolymam
720 879 868 925 reversus
890 879 942 924 res
968 863 1078 942 gestas
1094 859 1222 940 exponit
1238 860 1460 943 defenditque3

229 965 333 1026 quare
353 945 443 1015 brevi
465 949 539 1026 post
561 943 749 1010 Antiochiae
773 945 876 1011 oritur
898 945 1031 1011 ecclesia
1054 964 1071 1009 c
1094 945 1243 1027 gentibus
1257 946 1460 1027 potissimum
1513 1021 1515 1024 ,

229 1031 365 1096 collecta
381 1035 413 1096 et
427 1050 486 1112 per
500 1031 682 1096 Barnabam
698 1031 893 1112 Saulumque
909 1030 1095 1096 confirmata
1111 1035 1143 1096 et
1157 1039 1253 1096 aucta
1268 1031 1308 1112 (c.
1325 1035 1370 1097 10.
1386 1034 1459 1116 lh).

228 1119 306 1182 Jam
327 1135 402 1182 vero
425 1115 564 1180 Herodes
584 1117 749 1200 Agrippa,
776 1122 813 1181 ut
836 1117 1033 1182 ludaeorum
1057 1116 1118 1181 sibi
1142 1117 1287 1182 conciliet
1308 1117 1459 1199 favorem,

227 1203 382 1266 Jacobcm
400 1201 546 1287 lloybcem
561 1201 668 1283 gladio
683 1201 850 1283 interficit,
874 1203 970 1267 etiam
985 1202 1117 1268 Petrum
1132 1203 1164 1266 in
1179 1203 1304 1268 vincula
1323 1204 1459 1285 conyicit,

227 1293 267 1352 ut
287 1291 361 1369 post
382 1287 451 1352 dies
471 1306 654 1369 azymorum
677 1287 857 1368 occidatur,
885 1288 940 1370 qui
960 1308 1036 1353 vero
1059 1288 1099 1353 ab
1122 1287 1235 1370 angelo
1256 1287 1412 1354 liberatus
1427 1290 1460 1354 in

226 1374 327 1438 alium
342 1373 410 1438 abit
424 1372 537 1439 locum.
583 1373 700 1437 Saulus
719 1392 790 1438 cum
805 1374 956 1439 Bamaba
977 1374 1017 1438 ab
1033 1373 1301 1439 Antiochensibus
1321 1375 1460 1439 mittitur

227 1459 493 1540 Hierosolymam,
508 1467 545 1523 ut
561 1457 777 1540 eleemosynas
793 1458 1073 1541 perferat(c.12.).
1097 1458 1299 1524 Antiochiam
1311 1478 1459 1525 reversus

228 1543 338 1609 divinat
363 1545 512 1610 missione
534 1545 667 1626 acceptat
688 1545 826 1627 primum
851 1565 920 1610 cnm
936 1545 1086 1610 Bernaba
1107 1550 1139 1610 et
1155 1545 1263 1610 Marco
1278 1545 1342 1610 iter
1356 1545 1459 1628 majus

228 1630 364 1711 suscipit
379 1630 411 1694 in
427 1632 624 1695 ethnicorum
640 1632 802 1712 regiones,
831 1637 863 1696 et
886 1632 1014 1713 quidem
1036 1631 1070 1694 in
1091 1630 1227 1694 insulam
1244 1630 1400 1712 Cyprum,
1427 1632 1459 1697 in

184 1778 188 1783 .
227 1715 450 1796 Pamphiliam,
467 1716 635 1796 Pisidiam,
651 1717 858 1798 Lycaoniam,
876 1722 908 1782 et
922 1737 983 1781 non
999 1715 1149 1781 obstante
1164 1716 1361 1781 ludaeorum
1377 1718 1459 1782 reni-

226 1801 331 1866 tentia
356 1801 476 1882 ubique
501 1801 642 1866 locorum
670 1802 874 1868 ecclesiarum
900 1803 990 1883 ponit
1015 1801 1222 1866 fundamenta
1247 1800 1287 1881 (c.
1310 1803 1358 1867 13.
1385 1803 1457 1885 14).

226 1886 418 1951 Antiochiae
433 1886 568 1968 longiori
580 1889 727 1968 'tempore
743 1893 956 1952 commoratus
972 1887 1012 1952 ob
1027 1886 1117 1951 litem
1132 1887 1164 1950 in
1181 1887 1314 1952 ecclesia
1334 1888 1375 1952 de
1399 1888 1458 1952 cir-

227 1972 421 2038 cumcisione
437 1972 823 2038 ethnico-christianorum
839 1978 941 2039 ortam
959 1992 1029 2037 cum
1040 1972 1191 2038 Barnaba
1202 1972 1371 2054 ablegatur
1382 1973 1458 2038 Hia-

227 2057 420 2138 rosolymam
433 2058 474 2122 ad
486 2057 667 2139 Apostolos,
681 2078 700 2124 a
712 2059 828 2141 quibus
840 2079 912 2124 cum
924 2058 1103 2125 senioribus
1116 2059 1316 2140 congregatis
1328 2059 1459 2124 liberior
1587 2059 1594 2070 '

227 2143 323 2208 Pauli
338 2143 483 2208 doctrina
498 2143 704 2209 confirmatur
719 2145 758 2224 (o.
777 2145 849 2227 lh).
896 2143 1019 2209 Comite
1036 2143 1106 2208 Silo
1122 2144 1241 2209 Paulus
1259 2164 1318 2225 per
1333 2144 1457 2226 Syriam

228 2234 264 2295 et
277 2228 418 2294 Ciliciam
431 2230 605 2295 revertitur
620 2231 661 2295 ad
678 2230 829 2296 ecclesias
845 2250 864 2294 a
880 2249 915 2295 sc
930 2229 1089 2310 fraudatas,
1105 2230 1240 2311 posthac
1256 2234 1363 2295 autem
1379 2232 1458 2296 acti-

227 2315 362 2381 vitatem
379 2333 470 2379 suam
485 2335 544 2396 per
559 2316 730 2398 Phrygiam
747 2321 779 2382 et
795 2316 955 2381 Galatiam
972 2317 1115 2382 extendit
1129 2334 1232 2396 usquc
1246 2315 1278 2380 in
1294 2315 1458 2398 Europam
1488 2322 1491 2327 '
1593 2347 1605 2362 ·

228 2399 426 2480 orientalem,
443 2401 522 2466 etin
534 2402 723 2467 Macedonia
738 2407 835 2484 atque
851 2402 882 2466 in
894 2402 1015 2468 Achaia
1028 2402 1155 2466 Christo
1173 2401 1322 2467 ecclesias
1338 2402 1458 2484 colligit
1569 2419 1570 2426 ¹

227 2486 270 2566 (c.
288 2486 447 2568 ret-18).
470 2485 533 2558 Por
547 2487 802 2569 Hierosolymam
818 2508 966 2554 reversus
981 2487 1183 2553 Antiochiam
1198 2488 1328 2552 tertiam
1343 2508 1457 2570 aggre-

227 2573 318 2637 ditur
332 2570 530 2651 missionem,
547 2578 579 2638 et
594 2574 713 2655 Ephesi
728 2573 795 2639 lere
810 2594 869 2655 per
883 2574 1054 2640 triennium
1068 2572 1251 2656 praedicat,
1275 2573 1321 2637 ita
1336 2579 1373 2638 ut
1388 2579 1457 2639 tota

226 2658 307 2722 Asia
322 2657 433 2723 audiat
448 2658 580 2723 verbum
596 2659 672 2739 Dei,
699 2665 732 2724 et
747 2660 947 2740 propositum
963 2661 1066 2741 capit,
1094 2658 1235 2724 ecclesiis
1251 2659 1457 2725 Macedoniae

226 2749 327 2825 atquc
342 2742 482 2829 Achaiae
497 2744 636 2809 visitatis
651 2764 709 2827 per
723 2745 978 2826 Hierosolymam
993 2744 1214 2826 proficiscendi
1230 2747 1363 2809 Romam
1380 2749 1412 2811 et
1425 2746 1458 2809 in

227 2829 417 2911 Hispaniam
434 2829 473 2910 (c.
496 2830 540 2894 18.
558 2830 631 2913 MA).
675 2831 735 2894 Ast
751 2849 822 2894 cum
845 2831 981 2896 adversa
1004 2830 1064 2894 sibi
1087 2830 1251 2894 imminere
1274 2832 1457 2911 praesciens

227 2913 459 2996 Hierosolymis
475 2915 675 2995 advenisset,
695 2915 863 2980 aJudaeis
880 2916 1020 2980 asiaticis
1035 2914 1068 2979 in
1083 2914 1201 2995 templo
1218 2916 1457 2995 comprehendi-

227 3007 283 3066 tur
306 3006 338 3066 et
359 2999 427 3066 lere
442 3001 613 3082 occiditur,
635 3021 654 3066 a
669 3001 805 3065 militum
821 3001 949 3066 tribuno
966 2999 1183 3066 esurientium
1199 3000 1345 3065 manibus
1362 3001 1456 3082 eripi-

227 3093 299 3167 tur,
326 3086 366 3151 ob
382 3087 580 3152 ludaeorum
596 3087 845 3168 conjurationem
860 3091 956 3152 noctu
973 3086 1164 3152 Caesaream
1187 3085 1373 3166 abducitur,
1401 3086 1455 3151 ubi

226 3192 287 3255 per
308 3171 473 3251 biennium
491 3173 550 3238 sub
566 3173 672 3238 Felice
691 3177 900 3254 procuratore
922 3179 1149 3252 commoratus,
1176 3171 1235 3235 sub
1252 3171 1348 3235 Festo
1371 3170 1456 3236 illius

227 3277 414 3324 successore
426 3259 467 3322 ad
479 3259 655 3341 periculum
670 3259 853 3325 evitandum
865 3260 907 3324 ad
916 3258 1087 3324 Caesarem
1097 3257 1238 3340 appellat
1248 3256 1287 3338 (c.
1296 3257 1455 3338 21—25.).

229 3343 311 3408 Cum
327 3363 434 3408 coram
448 3343 593 3426 Agrippa
609 3349 641 3410 et
655 3345 809 3410 Berenice
825 3345 1030 3410 disseruisset
1045 3343 1084 3424 (c.
1097 3345 1172 3427 26),
1189 3343 1357 3408 comitibus
1368 3343 1457 3408 Luca

229 3435 264 3494 et
285 3429 471 3494 Aristarcho
493 3431 632 3495 mittitur
654 3432 804 3512 Romam,
828 3431 884 3497 ubi
905 3432 937 3496 in
960 3431 1105 3496 custodia
1127 3429 1257 3494 miltari
1277 3428 1381 3494 denuo
1398 3449 1457 3510 per

128 3587 133 3594 ,
228 3515 391 3580 biennium
406 3516 563 3581 retinetur
579 3514 618 3597 (c.
634 3517 684 3582 27.
699 3517 775 3599 28).

268 3738 325 3809 De
342 3735 465 3811 ordino
483 3737 751 3832 evangeliorum
770 3736 1018 3810 canonicorum
1038 3735 1301 3831 chronologico,
1321 3743 1355 3810 ct
1373 3736 1418 3810 de

268 3863 435 3953 tempore,
454 3881 524 3952 quo
541 3857 612 3931 tria
629 3858 749 3954 priora
769 3865 804 3931 et
823 3861 938 3930 Actus
957 3854 1213 3951 Apostolorum
1232 3856 1304 3930 sint
1322 3855 1415 3930 editi.
1544 3927 1547 3940 ,

783 4011 810 4092 §.
831 4011 901 4076 136.

327 4141 329 4148 ⁴
394 4147 420 4199 Ι.
445 4146 529 4198 Ordo
542 4147 783 4208 evangeliorum
796 4148 1024 4198 canonicorum
1038 4146 1290 4208 chronologicus.

314 4285 352 4346 In
368 4284 507 4368 oatc‘qcc's
521 4306 684 4347 sacrorum
697 4285 739 4347 N.
757 4283 791 4346 T.
810 4282 959 4346 librorum
978 4283 1178 4346 cccccccccc
1201 4279 1317 4365 trc‘plcac
1338 4281 1455 4344 abvent-

227 4383 280 4432 tcr
297 4369 395 4452 ordo,
413 4393 473 4452 qao
488 4369 650 4454 evangelio
664 4384 771 4433 aootro
785 4385 849 4432 cese
864 4369 1042 4452 coccc'pr'cati
1063 4367 1235 4447 Matthaei,
1255 4366 1371 4446 Marci,
1391 4367 1455 4430 Lu-

228 4472 297 4606 ffiac,
306 4453 445 4601 Iloannis
455 4475 513 4535 3—-
525 4455 691 4535 Matthaei,
707 4454 849 4533 loannis,
865 4455 980 4532 Lucae,
998 4449 1098 4518 Marci
1109 4475 1115 4532 ;
1128 4489 1170 4496 -
1181 4453 1201 4516 J
1203 4452 1323 4532 oannis
1339 4451 1454 4517 Matth.

266 4559 290 4602 Υ.
333 4558 421 4606 UCaO.
