3364 5156
617 343 684 350 -
728 306 792 372 aas
826 342 901 386 ,-

153 477 281 542 cationis
296 482 371 541 actu
387 476 594 558 deprehensa.
631 476 710 542 Cum
725 496 801 543 vero
816 477 995 559 legisperiti
1016 476 1221 559 lapidationis
1235 495 1370 559 poenam

153 561 410 628 commemorent:
441 564 513 644 quis
535 563 754 628 demonstrare
777 562 1063 643 valeat,fe1ninam
1086 563 1251 645 vulgarem
1271 562 1371 628 fuisse

152 648 336 727 adulteram,
354 652 386 711 et
400 667 464 712 non
479 667 629 730 sponsam
642 649 675 713 in
690 649 770 714 urbe
785 649 945 728 violatam,
963 668 1038 730 ergo
1054 669 1116 714 non
1128 654 1235 715 actum
1247 667 1318 715 esse
1331 649 1371 713 de

153 753 225 798 casu
240 733 386 815 speciali,
409 752 505 814 quem
519 733 570 799 lex
584 734 716 798 Denter.
731 733 750 798 l.
768 753 793 799 c.
809 735 991 816 distinguit,
1013 735 1132 815 quique
1148 735 1188 799 ob
1204 735 1372 799 raritatem

151 819 333 900 aptissimus
349 824 419 884 erat
434 820 476 884 ad
490 820 511 883 J
513 838 603 884 esum
617 820 827 884 tentandum?

232 905 261 968 1.
285 905 306 968 J
308 923 392 983 esus,
408 905 463 985 qui
478 905 550 970 aliis
565 905 785 971 occasionibus
800 906 842 970 ad
857 906 1061 986 quaestiones
1074 905 1235 986 captiosas
1246 912 1373 986 promte

153 995 183 1054 et
197 996 307 1072 aperte
323 992 518 1072 respondere
533 990 670 1070 solebat,
693 989 745 1054 hic
759 990 948 1056 haesitantis
963 992 1065 1055 mstar
1079 991 1112 1056 in
1126 995 1214 1056 terra
1230 991 1372 1056 scribens

152 1076 283 1156 sistitur,
299 1076 386 1156 quod
402 1075 580 1141 characteri
596 1076 865 1142 etconsuetudmi
881 1077 949 1157 eJus
964 1077 1162 1141 adversatur.
1371 1138 1375 1146 .

233 1163 328 1242 Resp.
359 1161 568 1242 Quidcunque
584 1167 747 1226 statuatur
762 1162 802 1227 de
822 1160 933 1242 figuris
953 1169 1011 1226 aut
1030 1162 1157 1242 formis,
1180 1181 1261 1242 quas
1276 1161 1372 1226 Jesns

151 1247 181 1310 in
195 1247 327 1327 pulvere
342 1247 485 1327 scripsit:
501 1247 534 1310 id
549 1247 664 1328 ipsum,
680 1248 872 1328 quodJesus
883 1248 1010 1329 agebat,
1026 1266 1214 1328 responsum
1226 1245 1372 1312 1111111-

152 1330 267 1412 ficiens,
283 1333 455 1397 dummodo
470 1337 633 1397 tentantes
648 1333 827 1415 mtelligero
841 1333 1016 1398 voluissent
1031 1339 1167 1415 gestum,
1183 1333 1239 1420 qui
1254 1331 1373 1414 signifi-

152 1419 252 1497 cabat,
267 1417 440 1482 Dominum
451 1418 568 1499 Judieis
582 1416 718 1484 forensis
733 1437 830 1501 agero
844 1437 907 1483 non
922 1419 1003 1484 velle
1017 1426 1137 1499 partes,
1153 1419 1374 1500 quaestionem

151 1523 210 1567 non
225 1522 339 1568 curare
355 1503 424 1584 (cfr.
440 1505 515 1568 Luc.
534 1505 583 1582 12,
600 1505 650 1568 13.
668 1503 741 1585 11),
758 1511 791 1569 11
805 1505 886 1568 lesu
900 1505 1016 1586 agendi
1031 1505 1189 1570 rationem
1204 1505 1247 1569 ad
1261 1505 1373 1569 adver-

151 1590 252 1653 sarios
267 1588 505 1656 confundendos
520 1589 760 1671 abigendosque
774 1589 874 1656 fuisse
894 1590 1110 1671 aptissimam,
1135 1597 1267 1656 eventus
1289 1589 1374 1654 clare
1472 1607 1476 1615 “

151 1675 266 1740 docuit.

232 1761 264 1824 5.
294 1759 415 1840 Jesum,
436 1767 474 1825 ut
493 1780 521 1825 v.
538 1761 566 1824 9.
581 1760 708 1842 legitur,
731 1761 764 1825 in
787 1761 905 1840 templo
929 1779 1002 1825 cum
1023 1761 1156 1826 muliere
1179 1761 1281 1825 solum
1303 1779 1375 1825 esse

152 1846 306 1925 relictum,
323 1846 362 1910 ob
378 1852 488 1911 notam
502 1845 614 1926 populi
628 1846 847 1911 curiositatem
861 1865 923 1910 non
939 1851 989 1911 est
1003 1846 1178 1926 probabile.
1243 1849 1247 1856 '

234 1933 331 2013 Resp.
361 1931 473 1996 Jesum
493 1931 595 1996 solum
618 1950 689 1996 cum
711 1931 844 1996 muliere
865 1931 898 1995 in
918 1931 1038 2012 templo
1062 1950 1133 1996 esse
1156 1931 1317 2011 relictum,
1341 1931 1373 1995 in

150 2024 240 2081 textu
255 2036 318 2082 non
333 2016 459 2098 legitur,
476 2018 533 2082 sed
548 2014 688 2098 tingitur,
704 2024 740 2080 ut
752 2017 818 2098 jam
835 2017 929 2082 docet
942 2016 1079 2082 formula
1091 2017 1217 2081 addita:
1234 2016 1269 2084 ἐν
1282 2016 1373 2114 μέσῳ

151 2099 290 2168 ἑστῶσα.
332 2101 466 2166 Nonnisi
479 2102 535 2182 illi,
551 2103 607 2183 qui
622 2121 694 2167 cum
708 2102 841 2168 muliere
856 2103 1061 2182 advenerant,
1082 2103 1165 2166 male
1180 2102 1241 2166 sibi
1257 2101 1375 2166 consoni

152 2194 182 2252 11
195 2188 314 2252 timore
329 2186 469 2268 correpti
484 2188 709 2268 discesserunt,
729 2189 776 2254 ita
790 2194 827 2251 ut
842 2189 862 2252 J
865 2205 938 2253 esus
953 2194 1133 2253 remaneret
1148 2206 1221 2253 cum
1235 2187 1375 2267 discipu-

151 2273 187 2338 lis
203 2279 237 2338 et
253 2273 415 2338 hominum
430 2273 526 2338 turba
542 2280 661 2338 etcum
676 2273 808 2339 muliere
822 2274 855 2338 in
869 2273 975 2339 medio
991 2278 1106 2339 stante.

233 2359 264 2422 6.
287 2358 443 2439 Pericopa
454 2359 533 2425 haec
544 2378 659 2424 nexum
672 2360 793 2439 turbat,
809 2360 847 2425 11
862 2379 937 2424 vero
953 2359 1071 2424 omissa
1087 2360 1116 2440 8,
1134 2359 1182 2422 12.
1198 2378 1270 2424 cum
1282 2358 1310 2438 7,
1322 2358 1373 2422 52.

150 2444 315 2524 praeclare
334 2445 495 2524 cohaeret
519 2464 623 2510 sermo
645 2445 743 2511 etiam
763 2444 890 2524 Christi,
915 2445 970 2526 qui
992 2446 1087 2525 8,12.
1110 2444 1231 2525 incipit,
1254 2443 1374 2524 optime

151 2530 296 2596 convenit
316 2530 594 2595 tabernaculorum
615 2529 715 2611 festo,
739 2550 801 2611 quo
817 2531 934 2596 ludaei
948 2551 1012 2595 non
1026 2536 1152 2595 tantum
1167 2530 1207 2594 de
1222 2528 1374 2595 effusione

150 2635 267 2697 aquae,
291 2617 348 2680 sed
371 2617 467 2680 etiam
483 2617 523 2681 de
537 2615 747 2696 luminaribus
763 2617 905 2681 accensis
920 2615 1124 2682 laetabantur
1138 2621 1175 2679 ut
1190 2616 1230 2682 de
1244 2615 1315 2680 luce
1329 2614 1374 2679 le·
1407 2663 1411 2670 1

150 2702 211 2782 gia,
236 2701 353 2781 quodsi
374 2706 482 2765 autem
504 2702 646 2767 narratio
668 2702 723 2766 illa
743 2702 881 2784 genuina
901 2702 1048 2782 habetur,
1072 2721 1186 2781 sermo,
1209 2701 1373 2781 111112.

151 2787 328 2866 exorditur,
349 2792 424 2866 post
444 2786 561 2852 festum
577 2791 610 2851 et
624 2787 758 2867 proinde
773 2792 917 2868 tempore
931 2787 1035 2852 minus
1051 2793 1230 2868 opportuno
1245 2785 1375 2850 habitus

151 2872 394 2937 censeridebet.
572 2923 574 2934 .

236 2957 332 3038 Resp.
363 2958 397 3022 Si
411 2957 563 3039 pericopa
577 2957 655 3022 haec
671 2962 720 3022 est
734 2957 886 3038 genuina,
909 2956 1004 3037 plane
1024 2977 1086 3022 non
1100 2956 1252 3021 turbatur
1265 2974 1374 3035 nexus,

151 3043 210 3123 nisi
232 3041 328 3108 fictus
351 3062 409 3108 seu
431 3062 526 3124 quem
547 3043 739 3124 interpretes
753 3043 821 3109 ,sibi
841 3043 1070 3124 imaginantur;
1095 3041 1212 3108 etenim
1231 3061 1293 3106 non
1315 3046 1373 3120 est,

151 3129 237 3209 quod
253 3129 295 3192 ad
310 3127 427 3194 festum
441 3127 721 3192 tabernaculorum
740 3125 934 3208 referantur,
959 3147 1043 3209 quae
1057 3128 1154 3193 lesus
1169 3127 1198 3206 8,
1217 3128 1265 3190 12.
1281 3127 1373 3205 dicit,

150 3233 223 3278 nam
238 3214 310 3278 aliis
325 3214 422 3278 etiam
438 3213 656 3280 occasionibus
672 3233 707 3279 se
721 3213 825 3278 lucem
839 3214 1004 3278 nominare
1019 3213 1144 3279 solebat
1159 3218 1191 3277 et
1207 3213 1323 3292 dicere,
1339 3230 1374 3277 se

151 3305 338 3381 sequentem
353 3319 416 3364 non
430 3299 595 3364 ambulare
609 3299 642 3363 in
656 3300 806 3380 tenebris,
823 3319 850 3364 v.
867 3319 896 3381 g.
913 3300 942 3380 9,
957 3299 986 3363 ὃ.
1010 3301 1061 3379 12,
1077 3301 1127 3364 33.
1142 3299 1193 3362 46.

238 3385 266 3449 7.
295 3385 332 3449 In
346 3385 499 3466 pericopa
513 3384 567 3448 illa
581 3384 742 3450 invenitur
756 3385 854 3450 dictio
876 3391 909 3451 et
924 3385 1084 3452 scribendi
1098 3384 1181 3450 ratio
1197 3383 1217 3446 J
1219 3382 1313 3448 oanni
1327 3382 1375 3447 in-

151 3471 281 3536 usitata.

236 3556 332 3635 Resp.
361 3555 433 3620 Non
454 3555 568 3637 exigua
588 3574 664 3636 pars
683 3573 797 3620 vocum
818 3562 850 3620 et
864 3555 1087 3635 formularum,
1110 3555 1152 3619 ad
1167 3572 1248 3635 quas
1263 3555 1375 3619 adver-

153 3641 230 3706 sarii
244 3646 428 3722 provocant,
444 3641 531 3722 apud
546 3660 570 3705 s.
586 3642 741 3706 loannem
757 3641 837 3706 alias
853 3641 949 3706 etiam
961 3641 1113 3720 occurrit3
1128 3657 1190 3706 usu
1201 3659 1375 3720 paucorum

152 3722 247 3807 ἅπαξ
260 3727 440 3812 λεγομένων
456 3732 489 3793 11
504 3727 639 3791 aliorum
654 3727 865 3808 quorumdam
879 3726 1107 3806 vocabulorum
1128 3725 1270 3806 spuriam
1290 3726 1376 3791 illius

153 3813 302 3876 sectionis
325 3811 480 3894 originem
501 3832 564 3878 non
585 3812 725 3893 probari,
745 3812 820 3876 mde
838 3813 906 3893 jam
925 3818 1026 3892 patet,
1050 3812 1137 3894 quod
1158 3812 1199 3877 de
1220 3811 1376 3894 ejusmodi

152 3897 260 3978 agitur
275 3898 382 3979 rebus,
400 3916 484 3978 quae
499 3897 579 3962 alias
593 3917 657 3963 non
672 3902 920 3962 commemorant
962 3948 968 3962 .

238 3983 280 4067 B)
306 3986 498 4069 Arpamcnta
509 3996 654 4046 mlada:

240 4074 273 4150 a)
289 4068 440 4133 Narratio
455 4070 534 4133 haec
550 4069 709 4134 omittitur
723 4068 755 4132 in
768 4068 858 4132 codd.
871 4067 1157 4148 praestantissimis
1168 4066 1377 4145 ABGLTXA,

154 4150 187 4215 in
203 4152 365 4234 Sinaitico,
380 4155 413 4218 in
428 4155 470 4218 50
485 4153 670 4219 minusculis
687 4159 719 4219 et
734 4154 766 4218 in
782 4155 823 4218 30
839 4153 965 4218 circiter
977 4153 1245 4234 evangelistariis3
1259 4153 1293 4216 in
1308 4151 1375 4216 cod.

154 4237 176 4301 S
193 4239 327 4304 111137
344 4238 529 4304 minusculis
544 4239 645 4320 obelo,
671 4240 704 4304 in
720 4239 788 4304 cod.
803 4238 831 4301 Ε
848 4244 880 4303 11
896 4238 937 4301 14
951 4237 1137 4303 minusculis
1152 4237 1306 4302 asterisco
1321 4255 1377 4300 no-

153 4325 311 4403 11111;11
333 4325 353 4388 8
375 4326 506 4389 mmusc.
529 4329 563 4389 et
582 4324 614 4388 in
635 4344 698 4391 uno
720 4323 964 4406 evangelistario
984 4324 1018 4387 in
1038 4322 1101 4388 fine
1123 4322 1286 4404 evangelii,
1309 4321 1378 4385 114

155 4407 287 4474 minusc.
303 4416 377 4492 post
391 4411 499 4474 Lucae
514 4427 539 4474 c.
555 4409 616 4489 21,
632 4411 665 4474 iu
679 4429 742 4475 uno
757 4414 832 4490 post
846 4409 867 4473 J
869 4429 897 4474 o.
914 4409 942 4488 7,
958 4409 1008 4473 36.
1026 4409 1104 4473 etin
1119 4427 1181 4471 uno
1197 4413 1272 4488 post
1283 4408 1312 4487 8,
1329 4408 1378 4471 12.

155 4494 262 4571 posita
275 4494 402 4576 legitur.

243 4579 337 4662 Resp.
369 4580 476 4645 Codex
496 4579 525 4642 A
545 4577 713 4645 aJoannis
734 4580 895 4661 111-8,
910 4580 970 4659 52,
993 4583 1026 4644 11
1047 4577 1185 4643 codex0
1206 4579 1269 4658 17,
1285 4577 1379 4658 3-8,
1497 4579 1500 4584 ’

209 4678 334 4732 Gdurnns,
348 4680 434 4720 Introd.
444 4681 469 4720 in
478 4680 505 4720 N.
517 4680 544 4720 Τ.
554 4679 631 4719 libror.
1143 4679 1176 4733 15
