3356 5176
817 305 1078 370 -50..-

337 475 370 540 in
395 474 482 540 aliud
505 482 633 558 tempus
660 482 729 541 erat
755 477 938 544 differenda.
960 477 1070 541 —Ut
1095 497 1170 543 vero
1195 478 1379 560 indigentiis
1403 477 1551 542 lectorum

336 563 573 642 ‘quodammodo
590 563 703 627 saltem
719 570 967 641 succurreretur,
983 563 1112 628 inventa
1127 570 1176 628 est
1192 563 1419 642 stichometria,
1434 563 1453 627 i.
1464 583 1489 628 1.
1501 563 1551 628 issa

338 646 497 712 scribendi
516 649 615 728 ratio,
638 667 701 729 qua
724 649 869 731 singulae
890 648 993 713 lineae
1014 649 1139 714 nonnisi
1153 656 1203 714 tot
1218 649 1379 714 continent
1393 649 1550 728 vocabula,

338 739 416 814 quot
430 753 493 797 uno
509 734 625 814 spiritu
639 734 773 815 legenda
789 740 872 799 sunt.
916 735 986 797 Hac
1008 734 1211 800 distinctione
1235 735 1382 800 effectum
1408 740 1493 814 erat,
1520 741 1552 798 ut
1657 757 1659 816 ,

337 817 472 884 lectores
496 820 626 899 scirent,
649 839 732 900 quae
752 821 900 885 continuo
923 819 1058 901 legenda
1082 826 1204 900 essent,
1228 827 1261 884 11
1275 820 1331 884 ubi
1345 819 1552 885 intermitten-

338 904 422 968 dum.
467 905 519 970 Sic
533 923 560 968 v.
577 925 606 987 g.
622 906 664 970 ad
679 906 788 970 Titum
802 907 831 986 2,
847 908 876 969 2.
892 906 921 970 3.
936 904 969 969 in
985 907 1092 971 codice
1107 914 1146 972 H
1156 907 1202 970 ita
1218 905 1383 971 scribitur:

691 999 884 1078 Πρεσβυτας
898 989 1171 1082 νηφαλιουςζεῖναι

793 1099 928 1161 σεμνους

791 1184 965 1252 σωφρονας

694 1243 894 1332 hyconomus
908 1273 947 1336 τη
963 1269 1071 1314 retexet

793 1359 832 1421 τη
849 1356 961 1421 oyem]

691 1424 873 1505 πρεςβυτας
888 1414 1047 1496 ώσαυτως

692 1526 725 1567 ev
739 1525 961 1592 καταστηματι
976 1500 1182 1592 ἱεροπρεπεις

791 1615 833 1673 μη
849 1589 1023 1673 διαβολους

690 1699 735 1762 μη
748 1700 824 1741 οινω
835 1675 946 1741 aanor
960 1675 1202 1759 δεδουλωμενας

792 1761 1092 1838 καὼδιδασκαλους.

336 1844 387 1907 lta
402 1842 541 1923 scriptus
557 1848 606 1907 est
621 1843 720 1907 codex
736 1843 1008 1926 Cantabrigiensis
1024 1845 1067 1926 D,
1085 1844 1347 1909 Olaromontanus
1363 1845 1405 1925 D,
1422 1845 1555 1928 Sangar-

336 1930 495 1996 manensis
512 1929 550 2009 E,
569 1928 748 1994 Coislianus
763 1931 802 1991 H
813 1936 845 1995 et
860 1931 915 1994 alii
929 1930 1021 1994 multi
1037 1931 1176 1995 omnium
1191 1931 1357 2012 regionum
1372 1949 1410 1995 ac
1424 1930 1555 1996 familia-

335 2036 415 2097 rum,
431 2016 495 2097 qui,
511 2014 586 2080 licet
600 2035 662 2080 non
677 2015 813 2096 amplius
830 2015 1113 2081 stichos'accurate
1125 2017 1304 2095 observent,
1319 2017 1555 2098 insingulorum

335 2107 441 2167 tamen
468 2101 622 2164 librorum
647 2099 710 2165 fine
736 2101 911 2166 stichorum
941 2101 1211 2183 consignationem
1240 2101 1405 2182 exhibent,
1435 2103 1556 2183 hacque

336 2188 468 2265 ratione,
485 2205 520 2250 se
536 2204 553 2249 e
568 2187 730 2250 codicibus
746 2187 991 2251 stichometricis
1006 2186 1183 2268 descriptos
1200 2205 1286 2266 esse,
1301 2186 1473 2252 manifeste
1487 2207 1556 2268 pro-

337 2273 424 2335 dunt.
469 2271 548 2335 Inde
559 2271 626 2351 Jarn
640 2290 715 2336 vero
739 2271 926 2336 concludere
948 2271 1024 2336 licet
1045 2273 1087 2336 ad
1106 2278 1246 2338 aetatem
1270 2272 1516 2354 exemplarium,
1541 2291 1555 2336 1

336 2358 452 2438 quibus
467 2356 548 2420 tales
564 2356 689 2421 codices
704 2356 857 2438 descripti
872 2361 954 2420 sunt.

420 2443 511 2506 Hanc
534 2441 693 2506 scribendi
712 2442 866 2506 rationem
888 2443 1035 2528 Oro'peoec
1054 2442 1176 2523 primus
1195 2443 1228 2507 in
1246 2442 1390 2524 hexaplis
1412 2443 1557 2508 adhibuit

336 2526 425 2607 (Eus.
441 2528 514 2592 hist.
531 2527 605 2591 eccl.
620 2528 674 2590 VI.
691 2528 754 2607 16.)
775 2528 859 2592 etin
881 2527 1016 2607 epistola
1037 2528 1079 2592 ad
1100 2529 1245 2608 Galatas
1270 2547 1364 2610 quarn
1389 2530 1429 2593 ab
1452 2529 1510 2595 illo
1528 2530 1556 2592 in

336 2619 493 2678 commata
513 2631 584 2678 esse
604 2612 739 2677 divisam
760 2632 783 2677 s.
799 2613 1011 2694 llieronymus
1031 2619 1171 2678 testatur
1188 2615 1234 2695 (in
1255 2614 1388 2696 praefat.
1403 2615 1437 2679 in
1454 2635 1503 2696 ep.
1518 2615 1556 2678 ad

334 2699 427 2780 Gal).
458 2699 604 2779 Origenis
621 2697 798 2779 exemplum
814 2703 943 2762 secutus
959 2704 1009 2763 est
1022 2700 1092 2781 ipse
1107 2719 1131 2764 s.
1144 2700 1355 2781 llieronymus
1369 2701 1556 2766 inversione

335 2785 370 2849 V.
383 2785 450 2864 F.,1
466 2784 592 2849 ethaeo
607 2784 766 2849 scribendi
781 2784 863 2848 ratio
878 2784 910 2848 in
925 2803 1019 2848 usum
1034 2803 1230 2850 communem
1245 2785 1325 2851 abiit
1338 2787 1514 2868 praecipue
1527 2786 1555 2849 in

332 2869 477 2950 psalmia,
493 2870 684 2952 proverbiis,
701 2869 898 2950 ecclesiaste,
921 2871 1043 2936 cantico
1059 2876 1155 2951 cant,
1177 2872 1197 2935 J
1200 2871 1274 2951 obo,
1295 2871 1511 2938 ecclesiastico
1527 2875 1556 2936 et

333 2955 498 3037 sapientia.

417 3043 455 3106 ln
469 3041 508 3106 N.
524 3042 559 3106 T.
574 3041 673 3107 libros
688 3061 801 3107 novam
816 3042 897 3107 hanc
912 3041 1072 3107 scribendi
1087 3043 1243 3107 rationem
1257 3041 1422 3106 transtulit
1437 3043 1555 3108 Eutha-

330 3127 406 3212 1111,
422 3127 575 3192 ecclesiae
585 3127 754 3191 Alexandr.
771 3145 853 3192 saec.
865 3127 902 3191 V.
915 3127 1076 3207 diaconus,
1092 3129 1147 3208 qui
1163 3128 1305 3210 epistolis
1317 3127 1461 3193 Paulinis
1477 3147 1554 3193 anno

332 3213 404 3276 462.
427 3211 525 3276 finitis
547 3231 620 3277 mox
642 3212 738 3277 etiam
759 3219 832 3277 acta
853 3211 1071 3293 apostolorum
1094 3219 1126 3278 et
1153 3214 1304 3294 epistolas
1323 3213 1498 3279 catholicas
1512 3214 1555 3278 ita

244 3307 247 3316 '
333 3298 474 3363 scribere
496 3298 616 3378 coepit,
632 3295 680 3361 ¹ut
699 3298 769 3378 ipse
791 3297 882 3361 dicit:
908 3298 990 3362 κατὰ
1009 3299 1064 3384 τὴν
1085 3299 1228 3383 ἐμαυτοῦ
1251 3297 1453 3387 συμμετρίαν
1475 3299 1555 3385 πρὸς

333 3379 1554 3558 tllttlllllll‘lnfflhlltllllldalltnlitllattedl‘lttlltllt

334 3553 443 3618 dixit.2
487 3554 536 3618 Ob
556 3553 728 3635 legentium
751 3496 1296 3620 111111111111111111η11111ῗ1111111
1316 3555 1444 3619 transiit
1460 3557 1553 3620 etiam

333 3639 366 3702 111
381 3639 545 3720 evangelia
560 3644 593 3704 et
606 3641 639 3705 in
654 3639 772 3705 multos
788 3641 922 3705 codices.

419 3725 642 3790 Stichometria
661 3726 908 3806 interpunctioni
930 3725 1109 3790 ordinariae
1129 3725 1213 3790 viam
1236 3726 1362 3805 stravit,
1385 3730 1422 3788 ut
1443 3727 1552 3790 edoce-

334 3828 406 3873 mur
426 3829 443 3874 e
462 3810 570 3875 codice
591 3810 706 3892 Cyprio
728 3812 804 3893 (K).
853 3812 917 3876 Per
938 3810 1206 3876 stichometricam
1227 3811 1375 3875 nimirum
1396 3808 1552 3875 scribendi

334 3895 490 3960 rationem
504 3895 590 3960 ultra
601 3897 767 3961 dimidium
782 3897 878 3978 spatii
888 3915 1023 3961 vacuum
1034 3896 1283 3977 relinquebatur,
1299 3915 1362 3978 quo
1373 3916 1436 3970 non¹
1449 3894 1553 3978 potuit

403 4119 412 4150 ¹
429 4114 539 4181 „Nemq
552 4130 612 4168 cum
624 4115 769 4184 prophetas
781 4115 902 4169 versibus
912 4114 1007 4169 viderit
1020 4130 1080 4169 esse
1093 4114 1248 4184 descriptos,
1266 4120 1351 4168 metro
1362 4130 1407 4169 eos
1419 4115 1552 4168 existimet

334 4183 405 4252 apud
416 4183 553 4238 Hebraeos
570 4184 662 4252 ligari,
683 4190 710 4237 11
726 4183 827 4252 aliquid
844 4183 930 4237 simile
941 4183 1034 4237 haberi
1046 4183 1079 4237 de
1092 4184 1203 4252 psalmis
1216 4189 1243 4236 11
1254 4183 1379 4251 operibus
1392 4181 1550 4246 Salomonis,

334 4253 381 4307 sed
393 4253 462 4320 quod
474 4253 501 4306 in
513 4253 693 4307 Demosthene
706 4259 733 4307 et
745 4252 834 4306 Tullio
847 4253 914 4305 solet
925 4251 995 4318 11111,
1016 4257 1044 4305 11
1062 4268 1112 4320 per
1127 4252 1186 4305 cola
1202 4251 1353 4305 scribantur
1369 4257 1397 4305 et
1414 4256 1549 4313 commata,

334 4321 378 4388 qui
394 4322 485 4389 utique
502 4336 583 4389 prosa
600 4327 628 4376 11
640 4337 693 4376 non
704 4322 825 4376 versibus
846 4321 1074 4388 conscripserunt,
1094 4336 1142 4374 nos
1160 4335 1262 4388 quoque
1281 4320 1391 4373 utilitati
1407 4319 1549 4388 legentium

333 4389 494 4510 proludendo
505 4391 751 4460 interpretationem
763 4396 882 4444 nostram
893 4404 960 4442 novo
973 4389 1106 4443 scribendi
1117 4404 1214 4458 genere
1227 4388 1422 4442 distinximus.“
1445 4387 1547 4454 Proleg.

332 4473 361 4510 111
387 4473 477 4511 samm.

402 4528 412 4559 ²
430 4525 484 4580 Cfr.
497 4527 613 4595 Zacagni
629 4527 733 4582 collect.
745 4541 806 4595 pag.
818 4525 878 4579 403.
892 4540 963 4594 seqq.
982 4532 1010 4578 et
1022 4525 1147 4579 Gallandi
1161 4524 1282 4588 biblioth.
1299 4530 1406 4594 patrum
1423 4530 1451 4579 11
1468 4523 1546 4590 antiq.

334 4593 493 4662 scriptorum
504 4595 537 4648 X.
550 4611 576 4663 p.
590 4596 647 4649 199.
661 4611 732 4666 seqq.
1373 4644 1377 4652 .
