<?xml version="1.0" encoding="UTF-8"?>
<!DOCTYPE html PUBLIC "-//W3C//DTD XHTML 1.0 Transitional//EN"
    "http://www.w3.org/TR/xhtml1/DTD/xhtml1-transitional.dtd">
<html xmlns="http://www.w3.org/1999/xhtml" xml:lang="en" lang="en">
 <head>
  <title>
</title>
<meta http-equiv="Content-Type" content="text/html;charset=utf-8" />
  <meta name='ocr-system' content='tesseract 3.04.00' />
  <meta name='ocr-capabilities' content='ocr_page ocr_carea ocr_par ocr_line ocrx_word'/>
</head>
<body>
  <div class='ocr_page' id='page_1' title='image "./introductioinsa00gngoog_0204.png"; bbox 0 0 3364 5156; ppageno 0'>
   <div class='ocr_carea' id='block_1_1' title="bbox 594 293 878 358">
    <p class='ocr_par' dir='ltr' id='par_1_1' title="bbox 594 293 878 358">
     <span class='ocr_line' id='line_1_1' title="bbox 594 293 878 358; baseline -0.007 1"><span class='ocrx_word' id='word_1_1' title='bbox 594 293 878 358; x_wconf 73' lang='lat'>—191—</span> 
     </span>
    </p>
   </div>
   <div class='ocr_carea' id='block_1_2' title="bbox 19 463 1457 3898">
    <p class='ocr_par' dir='ltr' id='par_1_2' title="bbox 42 463 1346 724">
     <span class='ocr_line' id='line_1_2' title="bbox 127 463 1344 554; baseline -0.007 -16"><span class='ocrx_word' id='word_1_2' title='bbox 127 474 154 554; x_wconf 85' lang='lat'><strong>2,</strong></span> <span class='ocrx_word' id='word_1_3' title='bbox 168 471 232 553; x_wconf 66' lang='lat'><strong>38,</strong></span> <span class='ocrx_word' id='word_1_4' title='bbox 256 467 456 537; x_wconf 79' lang='grc' dir='ltr'><strong>κατθυδύνειν</strong></span> <span class='ocrx_word' id='word_1_5' title='bbox 477 466 504 547; x_wconf 92' lang='grc'>1,</span> <span class='ocrx_word' id='word_1_6' title='bbox 522 463 588 546; x_wconf 81' lang='grc'>79.,</span> <span class='ocrx_word' id='word_1_7' title='bbox 615 466 856 552; x_wconf 74' lang='grc' dir='ltr'><strong><em>κραταιοῦσθαι</em></strong></span> <span class='ocrx_word' id='word_1_8' title='bbox 878 465 905 546; x_wconf 90' lang='lat' dir='ltr'><strong>l,</strong></span> <span class='ocrx_word' id='word_1_9' title='bbox 922 464 973 530; x_wconf 88' lang='lat'><strong>80.</strong></span> <span class='ocrx_word' id='word_1_10' title='bbox 994 465 1025 547; x_wconf 85' lang='grc'><strong>2,</strong></span> <span class='ocrx_word' id='word_1_11' title='bbox 1039 465 1108 548; x_wconf 89' lang='grc'>40.,</span> <span class='ocrx_word' id='word_1_12' title='bbox 1134 466 1241 553; x_wconf 72' lang='grc' dir='ltr'><em>δόγμα</em></span> <span class='ocrx_word' id='word_1_13' title='bbox 1259 466 1344 548; x_wconf 83' lang='lat'><strong>2,1.‚</strong></span> 
     </span>
     <span class='ocr_line' id='line_1_3' title="bbox 42 547 1346 724; baseline -0.008 -14"><span class='ocrx_word' id='word_1_14' title='bbox 42 599 44 605; x_wconf 40' lang='lat'><em>¹</em></span> <span class='ocrx_word' id='word_1_15' title='bbox 127 547 1346 724; x_wconf 52' lang='grc' dir='ltr'>11121111111111111111θά111111·</span> 
     </span>
     <span class='ocr_line' id='line_1_4' title="bbox 242 685 1014 722; baseline -0.01 0"><span class='ocrx_word' id='word_1_16' title='bbox 242 693 251 722; x_wconf 76' lang='lat' dir='ltr'><strong>a</strong></span> <span class='ocrx_word' id='word_1_17' title='bbox 309 693 316 705; x_wconf 90' lang='lat'><strong>·</strong></span> <span class='ocrx_word' id='word_1_18' title='bbox 552 686 561 717; x_wconf 83' lang='grc'>1</span> <span class='ocrx_word' id='word_1_19' title='bbox 599 685 616 716; x_wconf 82' lang='grc'>·1</span> <span class='ocrx_word' id='word_1_20' title='bbox 931 687 938 700; x_wconf 89' lang='grc'><em>·</em></span> <span class='ocrx_word' id='word_1_21' title='bbox 1007 686 1014 700; x_wconf 85' lang='grc'><em>·</em></span> 
     </span>
    </p>

    <p class='ocr_par' dir='ltr' id='par_1_3' title="bbox 125 685 1347 1306">
     <span class='ocr_line' id='line_1_5' title="bbox 204 685 1345 805; baseline -0.006 -12"><span class='ocrx_word' id='word_1_22' title='bbox 204 729 233 793; x_wconf 88' lang='lat'><strong>3.</strong></span> <span class='ocrx_word' id='word_1_23' title='bbox 261 691 441 792; x_wconf 77' lang='lat' dir='ltr'><strong>Memoratu</strong></span> <span class='ocrx_word' id='word_1_24' title='bbox 463 721 669 805; x_wconf 88' lang='lat' dir='ltr'><strong>dignissimus</strong></span> <span class='ocrx_word' id='word_1_25' title='bbox 692 724 742 786; x_wconf 90' lang='lat' dir='ltr'><strong>est</strong></span> <span class='ocrx_word' id='word_1_26' title='bbox 762 685 893 802; x_wconf 69' lang='lat' dir='ltr'><strong>modus,</strong></span> <span class='ocrx_word' id='word_1_27' title='bbox 916 740 979 803; x_wconf 87' lang='lat' dir='ltr'><strong>quo</strong></span> <span class='ocrx_word' id='word_1_28' title='bbox 999 722 1104 788; x_wconf 90' lang='lat' dir='ltr'><strong>Lucas</strong></span> <span class='ocrx_word' id='word_1_29' title='bbox 1118 723 1169 804; x_wconf 89' lang='grc'><strong>22,</strong></span> <span class='ocrx_word' id='word_1_30' title='bbox 1192 723 1240 787; x_wconf 80' lang='grc'>17.</span> <span class='ocrx_word' id='word_1_31' title='bbox 1257 739 1345 803; x_wconf 85' lang='lat' dir='ltr'><strong>seqq.</strong></span> 
     </span>
     <span class='ocr_line' id='line_1_6' title="bbox 128 807 1347 888; baseline -0.007 -9"><span class='ocrx_word' id='word_1_32' title='bbox 128 833 193 880; x_wconf 89' lang='lat' dir='ltr'><strong>curn</strong></span> <span class='ocrx_word' id='word_1_33' title='bbox 206 812 307 878; x_wconf 92' lang='lat' dir='ltr'><strong>Paulo</strong></span> <span class='ocrx_word' id='word_1_34' title='bbox 321 813 345 876; x_wconf 91' lang='lat' dir='ltr'><strong>l.</strong></span> <span class='ocrx_word' id='word_1_35' title='bbox 362 809 434 876; x_wconf 82' lang='lat' dir='ltr'><strong>Gor.</strong></span> <span class='ocrx_word' id='word_1_36' title='bbox 451 809 502 888; x_wconf 90' lang='grc'><strong>11,</strong></span> <span class='ocrx_word' id='word_1_37' title='bbox 517 807 568 872; x_wconf 84' lang='grc'><strong>23.</strong></span> <span class='ocrx_word' id='word_1_38' title='bbox 584 810 734 872; x_wconf 88' lang='lat' dir='ltr'><strong>accurate</strong></span> <span class='ocrx_word' id='word_1_39' title='bbox 749 807 958 888; x_wconf 89' lang='lat' dir='ltr'><strong>consentiens,</strong></span> <span class='ocrx_word' id='word_1_40' title='bbox 975 826 996 872; x_wconf 91' lang='lat' dir='ltr'><strong>a</strong></span> <span class='ocrx_word' id='word_1_41' title='bbox 1009 807 1174 874; x_wconf 90' lang='lat' dir='ltr'><strong>Matthaeo</strong></span> <span class='ocrx_word' id='word_1_42' title='bbox 1190 811 1299 873; x_wconf 90' lang='lat' dir='ltr'><strong>autem</strong></span> <span class='ocrx_word' id='word_1_43' title='bbox 1314 811 1347 872; x_wconf 86' lang='lat' dir='ltr'><strong>et</strong></span> 
     </span>
     <span class='ocr_line' id='line_1_7' title="bbox 127 891 1346 975; baseline -0.005 -11"><span class='ocrx_word' id='word_1_44' title='bbox 127 900 229 964; x_wconf 83' lang='lat' dir='ltr'>Marco</span> <span class='ocrx_word' id='word_1_45' title='bbox 241 898 408 963; x_wconf 82' lang='lat' dir='ltr'><strong>discedens</strong></span> <span class='ocrx_word' id='word_1_46' title='bbox 423 913 465 961; x_wconf 87' lang='lat' dir='ltr'><strong>ss.</strong></span> <span class='ocrx_word' id='word_1_47' title='bbox 476 892 700 958; x_wconf 80' lang='lat' dir='ltr'><strong>Eucharistiae</strong></span> <span class='ocrx_word' id='word_1_48' title='bbox 714 891 949 958; x_wconf 83' lang='lat' dir='ltr'><strong>institutionem</strong></span> <span class='ocrx_word' id='word_1_49' title='bbox 962 898 1081 973; x_wconf 86' lang='lat' dir='ltr'><strong>narrat,</strong></span> <span class='ocrx_word' id='word_1_50' title='bbox 1098 893 1217 975; x_wconf 89' lang='lat' dir='ltr'><strong>quique</strong></span> <span class='ocrx_word' id='word_1_51' title='bbox 1228 894 1346 974; x_wconf 92' lang='lat' dir='ltr'><strong>depen-</strong></span> 
     </span>
     <span class='ocr_line' id='line_1_8' title="bbox 127 977 1347 1064; baseline -0.005 -14"><span class='ocrx_word' id='word_1_52' title='bbox 127 985 260 1050; x_wconf 87' lang='lat' dir='ltr'><strong>dentiam</strong></span> <span class='ocrx_word' id='word_1_53' title='bbox 274 981 457 1064; x_wconf 85' lang='lat' dir='ltr'><strong>discipulis</strong></span> <span class='ocrx_word' id='word_1_54' title='bbox 479 979 633 1061; x_wconf 89' lang='lat' dir='ltr'><strong>magistro</strong></span> <span class='ocrx_word' id='word_1_55' title='bbox 649 977 825 1044; x_wconf 77' lang='lat' dir='ltr'><strong>clarissime</strong></span> <span class='ocrx_word' id='word_1_56' title='bbox 840 978 988 1044; x_wconf 89' lang='lat' dir='ltr'><strong>ostendit.</strong></span> <span class='ocrx_word' id='word_1_57' title='bbox 1007 1015 1051 1024; x_wconf 88' lang='lat'><em>-</em></span> <span class='ocrx_word' id='word_1_58' title='bbox 1072 979 1109 1044; x_wconf 95' lang='lat' dir='ltr'><strong>ln</strong></span> <span class='ocrx_word' id='word_1_59' title='bbox 1131 979 1202 1044; x_wconf 86' lang='lat' dir='ltr'><strong>aliis</strong></span> <span class='ocrx_word' id='word_1_60' title='bbox 1218 997 1347 1060; x_wconf 88' lang='lat' dir='ltr'><strong>quoque</strong></span> 
     </span>
     <span class='ocr_line' id='line_1_9' title="bbox 125 1063 1347 1149; baseline -0.005 -15"><span class='ocrx_word' id='word_1_61' title='bbox 125 1071 197 1135; x_wconf 89' lang='lat' dir='ltr'><strong>locis</strong></span> <span class='ocrx_word' id='word_1_62' title='bbox 212 1071 383 1136; x_wconf 92' lang='lat' dir='ltr'><strong>occurrunt</strong></span> <span class='ocrx_word' id='word_1_63' title='bbox 396 1065 641 1149; x_wconf 72' lang='lat' dir='ltr'><strong>propositiones</strong></span> <span class='ocrx_word' id='word_1_64' title='bbox 657 1083 740 1145; x_wconf 90' lang='lat' dir='ltr'><strong>quae</strong></span> <span class='ocrx_word' id='word_1_65' title='bbox 754 1083 818 1129; x_wconf 93' lang='lat' dir='ltr'><strong>non</strong></span> <span class='ocrx_word' id='word_1_66' title='bbox 832 1069 957 1130; x_wconf 90' lang='lat' dir='ltr'><strong>tantum</strong></span> <span class='ocrx_word' id='word_1_67' title='bbox 971 1065 1160 1146; x_wconf 88' lang='lat' dir='ltr'><strong>sententias,</strong></span> <span class='ocrx_word' id='word_1_68' title='bbox 1176 1066 1234 1131; x_wconf 86' lang='lat' dir='ltr'><strong>sed</strong></span> <span class='ocrx_word' id='word_1_69' title='bbox 1250 1063 1347 1130; x_wconf 89' lang='lat' dir='ltr'><strong>ctiam</strong></span> 
     </span>
     <span class='ocr_line' id='line_1_10' title="bbox 126 1147 1346 1306; baseline -0.007 0"><span class='ocrx_word' id='word_1_70' title='bbox 126 1150 779 1306; x_wconf 51' lang='lat' dir='ltr'><strong>illidii?apcfflfi&#39;lbffllfillhlt</strong></span> <span class='ocrx_word' id='word_1_71' title='bbox 797 1150 1027 1300; x_wconf 57' lang='grc'>11210118·</span> <span class='ocrx_word' id='word_1_72' title='bbox 1049 1150 1214 1302; x_wconf 57' lang='lat' dir='ltr'><strong>linitum</strong></span> <span class='ocrx_word' id='word_1_73' title='bbox 1233 1147 1346 1300; x_wconf 70' lang='lat' dir='ltr'><strong>lh·</strong></span> 
     </span>
    </p>

    <p class='ocr_par' dir='ltr' id='par_1_4' title="bbox 124 1254 1346 1493">
     <span class='ocr_line' id='line_1_11' title="bbox 165 1254 1346 1322; baseline -0.004 -17"><span class='ocrx_word' id='word_1_74' title='bbox 165 1261 333 1322; x_wconf 87' lang='grc'>,.·,</span> <span class='ocrx_word' id='word_1_75' title='bbox 399 1256 546 1304; x_wconf 90' lang='lat' dir='ltr'><strong>.co..</strong></span> <span class='ocrx_word' id='word_1_76' title='bbox 640 1286 647 1300; x_wconf 93' lang='lat'>.</span> <span class='ocrx_word' id='word_1_77' title='bbox 752 1256 776 1313; x_wconf 94' lang='lat'><strong>.;</strong></span> <span class='ocrx_word' id='word_1_78' title='bbox 845 1254 1035 1316; x_wconf 88' lang='lat' dir='ltr'><strong>,.co.c.</strong></span> <span class='ocrx_word' id='word_1_79' title='bbox 1090 1287 1097 1301; x_wconf 92' lang='lat'><strong>.</strong></span> <span class='ocrx_word' id='word_1_80' title='bbox 1163 1254 1346 1316; x_wconf 89' lang='lat' dir='ltr'><strong>ess.‚.</strong></span> 
     </span>
     <span class='ocr_line' id='line_1_12' title="bbox 124 1255 1346 1408; baseline -0.003 -17"><span class='ocrx_word' id='word_1_81' title='bbox 124 1329 208 1393; x_wconf 80' lang='lat' dir='ltr'><strong>acm.</strong></span> <span class='ocrx_word' id='word_1_82' title='bbox 222 1291 397 1408; x_wconf 46' lang='lat' dir='ltr'><strong>rhosan,</strong></span> <span class='ocrx_word' id='word_1_83' title='bbox 409 1323 460 1389; x_wconf 82' lang='lat' dir='ltr'><strong>aa.</strong></span> <span class='ocrx_word' id='word_1_84' title='bbox 476 1321 545 1389; x_wconf 74' lang='lat' dir='ltr'><strong>con.</strong></span> <span class='ocrx_word' id='word_1_85' title='bbox 558 1340 583 1387; x_wconf 81' lang='lat' dir='ltr'><strong>c.</strong></span> <span class='ocrx_word' id='word_1_86' title='bbox 594 1255 751 1401; x_wconf 66' lang='lat' dir='ltr'><strong>iromffrc,</strong></span> <span class='ocrx_word' id='word_1_87' title='bbox 763 1320 791 1385; x_wconf 82' lang='lat' dir='ltr'><strong>r.</strong></span> <span class='ocrx_word' id='word_1_88' title='bbox 804 1320 916 1401; x_wconf 82' lang='lat' dir='ltr'><strong>a;21‚</strong></span> <span class='ocrx_word' id='word_1_89' title='bbox 927 1321 978 1386; x_wconf 80' lang='lat'><strong>24.</strong></span> <span class='ocrx_word' id='word_1_90' title='bbox 994 1322 1063 1388; x_wconf 80' lang='lat' dir='ltr'><strong>con.</strong></span> <span class='ocrx_word' id='word_1_91' title='bbox 1076 1341 1102 1388; x_wconf 81' lang='lat' dir='ltr'><strong>c.</strong></span> <span class='ocrx_word' id='word_1_92' title='bbox 1114 1323 1204 1388; x_wconf 81' lang='lat' dir='ltr'><strong>nom.</strong></span> <span class='ocrx_word' id='word_1_93' title='bbox 1217 1322 1268 1403; x_wconf 84' lang='lat'><strong>11,</strong></span> <span class='ocrx_word' id='word_1_94' title='bbox 1279 1321 1346 1400; x_wconf 55' lang='lat' dir='ltr'><strong>aas</strong></span> 
     </span>
     <span class='ocr_line' id='line_1_13' title="bbox 124 1407 671 1493; baseline -0.011 -17"><span class='ocrx_word' id='word_1_95' title='bbox 124 1411 171 1493; x_wconf 91' lang='grc'>21,</span> <span class='ocrx_word' id='word_1_96' title='bbox 186 1413 236 1478; x_wconf 86' lang='grc'><strong>34.</strong></span> <span class='ocrx_word' id='word_1_97' title='bbox 253 1411 324 1477; x_wconf 91' lang='lat' dir='ltr'><strong>coll.</strong></span> <span class='ocrx_word' id='word_1_98' title='bbox 341 1428 366 1475; x_wconf 93' lang='lat' dir='ltr'><strong>c.</strong></span> <span class='ocrx_word' id='word_1_99' title='bbox 382 1411 472 1476; x_wconf 90' lang='lat' dir='ltr'><strong>Rom.</strong></span> <span class='ocrx_word' id='word_1_100' title='bbox 492 1409 539 1487; x_wconf 88' lang='grc'><strong>13,</strong></span> <span class='ocrx_word' id='word_1_101' title='bbox 557 1407 671 1471; x_wconf 87' lang='grc'>1-14,</span> 
     </span>
    </p>

    <p class='ocr_par' dir='ltr' id='par_1_5' title="bbox 123 1490 1457 2692">
     <span class='ocr_line' id='line_1_14' title="bbox 203 1490 1348 1575; baseline -0.004 -12"><span class='ocrx_word' id='word_1_102' title='bbox 203 1496 290 1563; x_wconf 90' lang='lat' dir='ltr'><strong>Huic</strong></span> <span class='ocrx_word' id='word_1_103' title='bbox 302 1515 379 1562; x_wconf 92' lang='lat' dir='ltr'><strong>vero</strong></span> <span class='ocrx_word' id='word_1_104' title='bbox 402 1493 580 1560; x_wconf 89' lang='lat' dir='ltr'><strong>sententiae</strong></span> <span class='ocrx_word' id='word_1_105' title='bbox 594 1493 635 1558; x_wconf 90' lang='lat' dir='ltr'><strong>de</strong></span> <span class='ocrx_word' id='word_1_106' title='bbox 649 1490 749 1557; x_wconf 91' lang='lat' dir='ltr'><strong>Paulo</strong></span> <span class='ocrx_word' id='word_1_107' title='bbox 771 1490 925 1558; x_wconf 90' lang='lat' dir='ltr'><strong>historiae</strong></span> <span class='ocrx_word' id='word_1_108' title='bbox 947 1492 1148 1575; x_wconf 85' lang='lat' dir='ltr'><strong>evangelicae</strong></span> <span class='ocrx_word' id='word_1_109' title='bbox 1168 1491 1257 1560; x_wconf 87' lang='lat' dir='ltr'><strong>fonte</strong></span> <span class='ocrx_word' id='word_1_110' title='bbox 1277 1491 1348 1574; x_wconf 90' lang='lat' dir='ltr'><strong>ipse</strong></span> 
     </span>
     <span class='ocr_line' id='line_1_15' title="bbox 123 1576 1457 1659; baseline -0.004 -11"><span class='ocrx_word' id='word_1_111' title='bbox 123 1585 222 1650; x_wconf 87' lang='lat' dir='ltr'><strong>Lucas</strong></span> <span class='ocrx_word' id='word_1_112' title='bbox 238 1582 459 1650; x_wconf 89' lang='lat' dir='ltr'><strong>contradicere</strong></span> <span class='ocrx_word' id='word_1_113' title='bbox 470 1579 598 1644; x_wconf 90' lang='lat' dir='ltr'><strong>videtur</strong></span> <span class='ocrx_word' id='word_1_114' title='bbox 612 1578 644 1643; x_wconf 94' lang='lat' dir='ltr'><strong>in</strong></span> <span class='ocrx_word' id='word_1_115' title='bbox 659 1577 812 1659; x_wconf 81' lang='lat' dir='ltr'><strong>proemio,</strong></span> <span class='ocrx_word' id='word_1_116' title='bbox 827 1576 883 1641; x_wconf 93' lang='lat' dir='ltr'><strong>ubi</strong></span> <span class='ocrx_word' id='word_1_117' title='bbox 895 1578 923 1658; x_wconf 87' lang='lat'><strong>1,</strong></span> <span class='ocrx_word' id='word_1_118' title='bbox 937 1577 966 1641; x_wconf 89' lang='grc'><strong>3.</strong></span> <span class='ocrx_word' id='word_1_119' title='bbox 982 1578 1070 1659; x_wconf 89' lang='lat' dir='ltr'><strong>dicit,</strong></span> <span class='ocrx_word' id='word_1_120' title='bbox 1084 1597 1120 1644; x_wconf 89' lang='lat' dir='ltr'><strong>se</strong></span> <span class='ocrx_word' id='word_1_121' title='bbox 1133 1580 1241 1644; x_wconf 74' lang='lat' dir='ltr'><strong>&#39;omnia</strong></span> <span class='ocrx_word' id='word_1_122' title='bbox 1255 1597 1348 1644; x_wconf 92' lang='lat' dir='ltr'><strong>accu-</strong></span> <span class='ocrx_word' id='word_1_123' title='bbox 1453 1589 1457 1598; x_wconf 86' lang='lat'>·</span> 
     </span>
     <span class='ocr_line' id='line_1_16' title="bbox 124 1663 1348 1750; baseline -0.006 -15"><span class='ocrx_word' id='word_1_124' title='bbox 124 1673 189 1736; x_wconf 88' lang='lat' dir='ltr'><strong>rate</strong></span> <span class='ocrx_word' id='word_1_125' title='bbox 209 1671 451 1750; x_wconf 87' lang='lat' dir='ltr'><strong>perscrutatum</strong></span> <span class='ocrx_word' id='word_1_126' title='bbox 473 1682 545 1731; x_wconf 88' lang='lat' dir='ltr'><strong>esse</strong></span> <span class='ocrx_word' id='word_1_127' title='bbox 567 1664 608 1729; x_wconf 91' lang='lat' dir='ltr'><strong>ab</strong></span> <span class='ocrx_word' id='word_1_128' title='bbox 630 1663 737 1742; x_wconf 92' lang='lat' dir='ltr'><strong>initio,</strong></span> <span class='ocrx_word' id='word_1_129' title='bbox 763 1667 796 1728; x_wconf 87' lang='lat' dir='ltr'><strong>et</strong></span> <span class='ocrx_word' id='word_1_130' title='bbox 815 1663 950 1745; x_wconf 91' lang='lat' dir='ltr'><strong>proinde</strong></span> <span class='ocrx_word' id='word_1_131' title='bbox 974 1663 1055 1730; x_wconf 85' lang='lat' dir='ltr'><strong>alios</strong></span> <span class='ocrx_word' id='word_1_132' title='bbox 1075 1663 1181 1730; x_wconf 84' lang='lat' dir='ltr'><strong>fontes</strong></span> <span class='ocrx_word' id='word_1_133' title='bbox 1205 1665 1348 1730; x_wconf 87' lang='lat' dir='ltr'><strong>indicare</strong></span> 
     </span>
     <span class='ocr_line' id='line_1_17' title="bbox 123 1747 1349 1831; baseline -0.006 -10"><span class='ocrx_word' id='word_1_134' title='bbox 123 1756 253 1821; x_wconf 80' lang='lat' dir='ltr'><strong>videtur.</strong></span> <span class='ocrx_word' id='word_1_135' title='bbox 301 1753 382 1819; x_wconf 81' lang='lat' dir='ltr'><strong>(lum</strong></span> <span class='ocrx_word' id='word_1_136' title='bbox 396 1754 500 1818; x_wconf 89' lang='lat' dir='ltr'><strong>Lucas</strong></span> <span class='ocrx_word' id='word_1_137' title='bbox 519 1749 591 1831; x_wconf 89' lang='lat' dir='ltr'><strong>ipse</strong></span> <span class='ocrx_word' id='word_1_138' title='bbox 610 1747 714 1815; x_wconf 81' lang='lat' dir='ltr'><strong>tontes</strong></span> <span class='ocrx_word' id='word_1_139' title='bbox 736 1767 812 1814; x_wconf 91' lang='lat' dir='ltr'><strong>suos</strong></span> <span class='ocrx_word' id='word_1_140' title='bbox 829 1768 893 1813; x_wconf 94' lang='lat' dir='ltr'><strong>non</strong></span> <span class='ocrx_word' id='word_1_141' title='bbox 908 1749 1065 1830; x_wconf 92' lang='lat' dir='ltr'><strong>nominet,</strong></span> <span class='ocrx_word' id='word_1_142' title='bbox 1090 1767 1145 1816; x_wconf 90' lang='lat' dir='ltr'><strong>eos</strong></span> <span class='ocrx_word' id='word_1_143' title='bbox 1161 1768 1199 1815; x_wconf 84' lang='lat' dir='ltr'><strong>ex</strong></span> <span class='ocrx_word' id='word_1_144' title='bbox 1213 1750 1349 1816; x_wconf 91' lang='lat' dir='ltr'><strong>historia</strong></span> 
     </span>
     <span class='ocr_line' id='line_1_18' title="bbox 124 1834 1348 1923; baseline -0.005 -17"><span class='ocrx_word' id='word_1_145' title='bbox 124 1842 262 1923; x_wconf 84' lang='lat' dir='ltr'><strong>eJ&#39;usdem</strong></span> <span class='ocrx_word' id='word_1_146' title='bbox 278 1841 433 1922; x_wconf 89' lang='lat' dir='ltr'><strong>indagare</strong></span> <span class='ocrx_word' id='word_1_147' title='bbox 444 1841 581 1919; x_wconf 87' lang='lat' dir='ltr'><strong>oportet.</strong></span> <span class='ocrx_word' id='word_1_148' title='bbox 609 1835 699 1900; x_wconf 89' lang='lat' dir='ltr'><strong>Haec</strong></span> <span class='ocrx_word' id='word_1_149' title='bbox 713 1839 822 1899; x_wconf 85' lang='lat' dir='ltr'><strong>autem</strong></span> <span class='ocrx_word' id='word_1_150' title='bbox 837 1835 977 1900; x_wconf 89' lang='lat' dir='ltr'><strong>ostendit</strong></span> <span class='ocrx_word' id='word_1_151' title='bbox 988 1834 1179 1916; x_wconf 88' lang='lat' dir='ltr'><strong>Bamabam,</strong></span> <span class='ocrx_word' id='word_1_152' title='bbox 1195 1835 1348 1902; x_wconf 87' lang='lat' dir='ltr'><strong>ecclesiae</strong></span> 
     </span>
     <span class='ocr_line' id='line_1_19' title="bbox 123 1920 1349 2001; baseline -0.005 -9"><span class='ocrx_word' id='word_1_153' title='bbox 123 1927 339 1994; x_wconf 80' lang='lat' dir='ltr'><strong>anuocnenac</strong></span> <span class='ocrx_word' id='word_1_154' title='bbox 360 1944 431 1992; x_wconf 92' lang='lat' dir='ltr'><strong>cum</strong></span> <span class='ocrx_word' id='word_1_155' title='bbox 446 1922 547 1989; x_wconf 89' lang='lat' dir='ltr'><strong>Paulo</strong></span> <span class='ocrx_word' id='word_1_156' title='bbox 570 1920 773 1986; x_wconf 83' lang='lat' dir='ltr'><strong>fundatorem</strong></span> <span class='ocrx_word' id='word_1_157' title='bbox 787 1924 821 1985; x_wconf 91' lang='lat' dir='ltr'><strong>et</strong></span> <span class='ocrx_word' id='word_1_158' title='bbox 840 1920 1051 2001; x_wconf 87' lang='lat' dir='ltr'><strong>probabiliter</strong></span> <span class='ocrx_word' id='word_1_159' title='bbox 1065 1939 1163 1986; x_wconf 91' lang='lat' dir='ltr'><strong>unum</strong></span> <span class='ocrx_word' id='word_1_160' title='bbox 1179 1941 1197 1988; x_wconf 93' lang='lat' dir='ltr'><strong>e</strong></span> <span class='ocrx_word' id='word_1_161' title='bbox 1212 1921 1253 1986; x_wconf 83' lang='grc'><strong>72</strong></span> <span class='ocrx_word' id='word_1_162' title='bbox 1268 1921 1289 1986; x_wconf 87' lang='lat' dir='ltr'>J</span> <span class='ocrx_word' id='word_1_163' title='bbox 1291 1939 1349 1986; x_wconf 87' lang='lat' dir='ltr'><strong>esu</strong></span> 
     </span>
     <span class='ocr_line' id='line_1_20' title="bbox 124 2005 1349 2095; baseline -0.007 -16"><span class='ocrx_word' id='word_1_164' title='bbox 124 2013 304 2095; x_wconf 83' lang='lat' dir='ltr'><strong>discipulis,</strong></span> <span class='ocrx_word' id='word_1_165' title='bbox 343 2012 418 2077; x_wconf 91' lang='lat' dir='ltr'><strong>dein</strong></span> <span class='ocrx_word' id='word_1_166' title='bbox 446 2009 595 2088; x_wconf 90' lang='lat' dir='ltr'><strong>Petrum,</strong></span> <span class='ocrx_word' id='word_1_167' title='bbox 635 2006 691 2088; x_wconf 92' lang='lat' dir='ltr'><strong>qui</strong></span> <span class='ocrx_word' id='word_1_168' title='bbox 720 2009 795 2088; x_wconf 89' lang='lat' dir='ltr'><strong>post</strong></span> <span class='ocrx_word' id='word_1_169' title='bbox 830 2005 996 2071; x_wconf 90' lang='lat' dir='ltr'><strong>concilium</strong></span> <span class='ocrx_word' id='word_1_170' title='bbox 1024 2005 1349 2088; x_wconf 85' lang='lat' dir='ltr'><strong>Hierosolymitanum</strong></span> 
     </span>
     <span class='ocr_line' id='line_1_21' title="bbox 124 2090 1348 2176; baseline -0.004 -13"><span class='ocrx_word' id='word_1_171' title='bbox 124 2099 324 2165; x_wconf 83' lang='lat' dir='ltr'><strong>Antiochiam</strong></span> <span class='ocrx_word' id='word_1_172' title='bbox 338 2097 439 2176; x_wconf 82' lang='lat' dir='ltr'><strong>venit,</strong></span> <span class='ocrx_word' id='word_1_173' title='bbox 461 2093 634 2176; x_wconf 89' lang='lat' dir='ltr'><strong>praecipue</strong></span> <span class='ocrx_word' id='word_1_174' title='bbox 648 2111 724 2157; x_wconf 83' lang='lat' dir='ltr'><strong>vero</strong></span> <span class='ocrx_word' id='word_1_175' title='bbox 738 2091 911 2172; x_wconf 85' lang='lat' dir='ltr'><strong>Jacobum,</strong></span> <span class='ocrx_word' id='word_1_176' title='bbox 933 2090 1066 2157; x_wconf 85' lang='lat' dir='ltr'><strong>fratrem</strong></span> <span class='ocrx_word' id='word_1_177' title='bbox 1080 2091 1222 2173; x_wconf 85' lang='lat' dir='ltr'><strong>Domini,</strong></span> <span class='ocrx_word' id='word_1_178' title='bbox 1236 2111 1348 2158; x_wconf 89' lang='lat' dir='ltr'><strong>sacrae</strong></span> 
     </span>
     <span class='ocr_line' id='line_1_22' title="bbox 123 2176 1349 2263; baseline -0.003 -15"><span class='ocrx_word' id='word_1_179' title='bbox 123 2183 257 2252; x_wconf 80' lang='lat' dir='ltr'><strong>familiae</strong></span> <span class='ocrx_word' id='word_1_180' title='bbox 275 2183 427 2263; x_wconf 82' lang='lat' dir='ltr'><strong>sodalem,</strong></span> <span class='ocrx_word' id='word_1_181' title='bbox 443 2181 494 2247; x_wconf 93' lang='lat' dir='ltr'><strong>cui</strong></span> <span class='ocrx_word' id='word_1_182' title='bbox 503 2180 609 2244; x_wconf 87' lang='lat' dir='ltr'><strong>Lucas</strong></span> <span class='ocrx_word' id='word_1_183' title='bbox 623 2176 754 2245; x_wconf 90' lang='lat' dir='ltr'><strong>aPanlo</strong></span> <span class='ocrx_word' id='word_1_184' title='bbox 770 2195 842 2242; x_wconf 92' lang='lat' dir='ltr'><strong>cum</strong></span> <span class='ocrx_word' id='word_1_185' title='bbox 856 2177 928 2243; x_wconf 87' lang='lat' dir='ltr'><strong>aliis</strong></span> <span class='ocrx_word' id='word_1_186' title='bbox 940 2178 1109 2244; x_wconf 86' lang='lat' dir='ltr'><strong>comitibus</strong></span> <span class='ocrx_word' id='word_1_187' title='bbox 1123 2181 1349 2259; x_wconf 88' lang='lat' dir='ltr'><strong>praesentatus</strong></span> 
     </span>
     <span class='ocr_line' id='line_1_23' title="bbox 125 2262 1349 2351; baseline -0.007 -15"><span class='ocrx_word' id='word_1_188' title='bbox 125 2276 170 2335; x_wconf 88' lang='lat' dir='ltr'><strong>cst</strong></span> <span class='ocrx_word' id='word_1_189' title='bbox 184 2269 271 2351; x_wconf 81' lang='lat' dir='ltr'><strong>(Act.</strong></span> <span class='ocrx_word' id='word_1_190' title='bbox 290 2268 492 2351; x_wconf 80' lang='lat'><strong>11,19-26.</strong></span> <span class='ocrx_word' id='word_1_191' title='bbox 515 2264 585 2330; x_wconf 86' lang='lat' dir='ltr'><strong>Gal.</strong></span> <span class='ocrx_word' id='word_1_192' title='bbox 600 2263 694 2346; x_wconf 88' lang='grc'>2,11.</span> <span class='ocrx_word' id='word_1_193' title='bbox 714 2263 785 2328; x_wconf 86' lang='lat' dir='ltr'><strong>Act.</strong></span> <span class='ocrx_word' id='word_1_194' title='bbox 796 2262 849 2344; x_wconf 86' lang='grc'>21,</span> <span class='ocrx_word' id='word_1_195' title='bbox 862 2263 935 2346; x_wconf 89' lang='grc'>18.).</span> <span class='ocrx_word' id='word_1_196' title='bbox 969 2264 1044 2330; x_wconf 88' lang='lat' dir='ltr'><strong>Jam</strong></span> <span class='ocrx_word' id='word_1_197' title='bbox 1057 2282 1133 2330; x_wconf 88' lang='lat' dir='ltr'><strong>vero</strong></span> <span class='ocrx_word' id='word_1_198' title='bbox 1149 2283 1221 2330; x_wconf 92' lang='lat' dir='ltr'><strong>cum</strong></span> <span class='ocrx_word' id='word_1_199' title='bbox 1234 2264 1349 2330; x_wconf 90' lang='lat' dir='ltr'><strong>iisdem</strong></span> 
     </span>
     <span class='ocr_line' id='line_1_24' title="bbox 125 2349 1349 2436; baseline -0.004 -15"><span class='ocrx_word' id='word_1_200' title='bbox 125 2357 217 2421; x_wconf 91' lang='lat' dir='ltr'><strong>etiam</strong></span> <span class='ocrx_word' id='word_1_201' title='bbox 232 2355 357 2421; x_wconf 87' lang='lat' dir='ltr'><strong>Paulus</strong></span> <span class='ocrx_word' id='word_1_202' title='bbox 370 2354 431 2436; x_wconf 86' lang='lat' dir='ltr'><strong>Ap.</strong></span> <span class='ocrx_word' id='word_1_203' title='bbox 447 2350 626 2418; x_wconf 90' lang='lat' dir='ltr'><strong>arctissimo</strong></span> <span class='ocrx_word' id='word_1_204' title='bbox 642 2353 712 2415; x_wconf 88' lang='lat' dir='ltr'><strong>erat</strong></span> <span class='ocrx_word' id='word_1_205' title='bbox 725 2349 759 2414; x_wconf 96' lang='lat' dir='ltr'><strong>in</strong></span> <span class='ocrx_word' id='word_1_206' title='bbox 778 2368 877 2430; x_wconf 82' lang='lat' dir='ltr'><strong>nexu3</strong></span> <span class='ocrx_word' id='word_1_207' title='bbox 903 2349 1021 2416; x_wconf 86' lang='lat' dir='ltr'><strong>etenim</strong></span> <span class='ocrx_word' id='word_1_208' title='bbox 1041 2350 1225 2416; x_wconf 88' lang='lat' dir='ltr'><strong>aBamaba</strong></span> <span class='ocrx_word' id='word_1_209' title='bbox 1245 2349 1349 2431; x_wconf 91' lang='lat' dir='ltr'><strong>primo</strong></span> 
     </span>
     <span class='ocr_line' id='line_1_25' title="bbox 124 2433 1350 2522; baseline -0.004 -15"><span class='ocrx_word' id='word_1_210' title='bbox 124 2441 376 2522; x_wconf 86' lang='lat' dir='ltr'><strong>Hierosolymam</strong></span> <span class='ocrx_word' id='word_1_211' title='bbox 398 2439 528 2505; x_wconf 89' lang='lat' dir='ltr'><strong>veniens</strong></span> <span class='ocrx_word' id='word_1_212' title='bbox 550 2437 666 2501; x_wconf 90' lang='lat' dir='ltr'><strong>ductus</strong></span> <span class='ocrx_word' id='word_1_213' title='bbox 689 2439 740 2501; x_wconf 90' lang='lat' dir='ltr'><strong>est</strong></span> <span class='ocrx_word' id='word_1_214' title='bbox 754 2436 797 2501; x_wconf 90' lang='lat' dir='ltr'><strong>ad</strong></span> <span class='ocrx_word' id='word_1_215' title='bbox 810 2435 983 2517; x_wconf 81' lang='lat' dir='ltr'><strong>Apostolos</strong></span> <span class='ocrx_word' id='word_1_216' title='bbox 999 2433 1082 2515; x_wconf 84' lang='lat' dir='ltr'><strong>(Act.</strong></span> <span class='ocrx_word' id='word_1_217' title='bbox 1099 2436 1129 2516; x_wconf 85' lang='lat'><strong>9,</strong></span> <span class='ocrx_word' id='word_1_218' title='bbox 1143 2436 1194 2501; x_wconf 83' lang='grc'><strong>27.</strong></span> <span class='ocrx_word' id='word_1_219' title='bbox 1210 2436 1294 2517; x_wconf 89' lang='grc'>28.),</span> <span class='ocrx_word' id='word_1_220' title='bbox 1317 2445 1350 2502; x_wconf 89' lang='lat' dir='ltr'><strong>ct</strong></span> 
     </span>
     <span class='ocr_line' id='line_1_26' title="bbox 124 2521 1350 2609; baseline -0.003 -17"><span class='ocrx_word' id='word_1_221' title='bbox 124 2546 191 2594; x_wconf 90' lang='lat' dir='ltr'><strong>cnm</strong></span> <span class='ocrx_word' id='word_1_222' title='bbox 213 2529 330 2595; x_wconf 90' lang='lat' dir='ltr'><strong>eodem</strong></span> <span class='ocrx_word' id='word_1_223' title='bbox 351 2526 490 2609; x_wconf 91' lang='lat' dir='ltr'><strong>primum</strong></span> <span class='ocrx_word' id='word_1_224' title='bbox 510 2524 574 2589; x_wconf 90' lang='lat' dir='ltr'><strong>iter</strong></span> <span class='ocrx_word' id='word_1_225' title='bbox 596 2541 689 2588; x_wconf 89' lang='lat' dir='ltr'><strong>suum</strong></span> <span class='ocrx_word' id='word_1_226' title='bbox 710 2522 922 2602; x_wconf 88' lang='lat' dir='ltr'><strong>apostolicum</strong></span> <span class='ocrx_word' id='word_1_227' title='bbox 944 2522 1085 2603; x_wconf 89' lang='lat' dir='ltr'><strong>suscepit</strong></span> <span class='ocrx_word' id='word_1_228' title='bbox 1100 2521 1184 2603; x_wconf 86' lang='lat' dir='ltr'><strong>(Act.</strong></span> <span class='ocrx_word' id='word_1_229' title='bbox 1202 2523 1282 2604; x_wconf 86' lang='lat'><strong>13.);</strong></span> <span class='ocrx_word' id='word_1_230' title='bbox 1308 2523 1350 2588; x_wconf 90' lang='lat' dir='ltr'><strong>ad</strong></span> 
     </span>
     <span class='ocr_line' id='line_1_27' title="bbox 124 2608 1350 2692; baseline -0.006 -13"><span class='ocrx_word' id='word_1_231' title='bbox 124 2613 253 2679; x_wconf 89' lang='lat' dir='ltr'><strong>Petrum</strong></span> <span class='ocrx_word' id='word_1_232' title='bbox 269 2613 442 2678; x_wconf 86' lang='lat' dir='ltr'><strong>videndum</strong></span> <span class='ocrx_word' id='word_1_233' title='bbox 456 2613 531 2692; x_wconf 89' lang='lat' dir='ltr'><strong>post</strong></span> <span class='ocrx_word' id='word_1_234' title='bbox 544 2613 612 2673; x_wconf 87' lang='lat' dir='ltr'><strong>tros</strong></span> <span class='ocrx_word' id='word_1_235' title='bbox 626 2625 726 2673; x_wconf 91' lang='lat' dir='ltr'><strong>annos</strong></span> <span class='ocrx_word' id='word_1_236' title='bbox 741 2626 762 2672; x_wconf 89' lang='lat' dir='ltr'><strong>a</strong></span> <span class='ocrx_word' id='word_1_237' title='bbox 776 2608 981 2675; x_wconf 85' lang='lat' dir='ltr'><strong>conversione</strong></span> <span class='ocrx_word' id='word_1_238' title='bbox 996 2626 1055 2673; x_wconf 90' lang='lat' dir='ltr'><strong>sua</strong></span> <span class='ocrx_word' id='word_1_239' title='bbox 1069 2608 1156 2674; x_wconf 87' lang='lat' dir='ltr'><strong>venit</strong></span> <span class='ocrx_word' id='word_1_240' title='bbox 1166 2608 1350 2690; x_wconf 88' lang='lat' dir='ltr'><strong>Hierosoly-</strong></span> 
     </span>
    </p>

    <p class='ocr_par' dir='ltr' id='par_1_6' title="bbox 19 2693 1383 3898">
     <span class='ocr_line' id='line_1_28' title="bbox 19 2693 1352 2780; baseline -0.004 -15"><span class='ocrx_word' id='word_1_241' title='bbox 19 2775 20 2778; x_wconf 17' lang='lat'><strong>,</strong></span> <span class='ocrx_word' id='word_1_242' title='bbox 123 2718 204 2764; x_wconf 88' lang='lat' dir='ltr'><strong>mam</strong></span> <span class='ocrx_word' id='word_1_243' title='bbox 220 2706 254 2766; x_wconf 92' lang='lat' dir='ltr'><strong>et</strong></span> <span class='ocrx_word' id='word_1_244' title='bbox 270 2698 358 2780; x_wconf 87' lang='lat' dir='ltr'><strong>apud</strong></span> <span class='ocrx_word' id='word_1_245' title='bbox 373 2716 446 2764; x_wconf 91' lang='lat' dir='ltr'><strong>eum</strong></span> <span class='ocrx_word' id='word_1_246' title='bbox 462 2695 502 2761; x_wconf 83' lang='grc'>15</span> <span class='ocrx_word' id='word_1_247' title='bbox 517 2694 631 2759; x_wconf 91' lang='lat' dir='ltr'><strong>diebus</strong></span> <span class='ocrx_word' id='word_1_248' title='bbox 646 2693 773 2774; x_wconf 86' lang='lat' dir='ltr'><strong>mansit,</strong></span> <span class='ocrx_word' id='word_1_249' title='bbox 791 2698 824 2758; x_wconf 92' lang='lat' dir='ltr'><strong>et</strong></span> <span class='ocrx_word' id='word_1_250' title='bbox 838 2693 900 2760; x_wconf 89' lang='lat' dir='ltr'><strong>hac</strong></span> <span class='ocrx_word' id='word_1_251' title='bbox 914 2694 1080 2760; x_wconf 86' lang='lat' dir='ltr'><strong>occasione</strong></span> <span class='ocrx_word' id='word_1_252' title='bbox 1094 2695 1252 2760; x_wconf 90' lang='lat' dir='ltr'><strong>neminem</strong></span> <span class='ocrx_word' id='word_1_253' title='bbox 1265 2693 1352 2777; x_wconf 84' lang='lat' dir='ltr'><strong>Apo·</strong></span> 
     </span>
     <span class='ocr_line' id='line_1_29' title="bbox 123 2777 1352 2865; baseline -0.005 -14"><span class='ocrx_word' id='word_1_254' title='bbox 123 2785 279 2851; x_wconf 87' lang='lat' dir='ltr'><strong>stolorum</strong></span> <span class='ocrx_word' id='word_1_255' title='bbox 300 2784 396 2865; x_wconf 91' lang='lat' dir='ltr'><strong>vidit,</strong></span> <span class='ocrx_word' id='word_1_256' title='bbox 419 2783 480 2848; x_wconf 90' lang='lat' dir='ltr'><strong>nisi</strong></span> <span class='ocrx_word' id='word_1_257' title='bbox 495 2780 652 2846; x_wconf 88' lang='lat' dir='ltr'><strong>Jacobum</strong></span> <span class='ocrx_word' id='word_1_258' title='bbox 672 2777 806 2844; x_wconf 85' lang='lat' dir='ltr'><strong>fratrem</strong></span> <span class='ocrx_word' id='word_1_259' title='bbox 819 2779 949 2844; x_wconf 89' lang='lat' dir='ltr'><strong>Domini</strong></span> <span class='ocrx_word' id='word_1_260' title='bbox 963 2778 1048 2860; x_wconf 87' lang='lat' dir='ltr'><strong>(Gal.</strong></span> <span class='ocrx_word' id='word_1_261' title='bbox 1065 2783 1093 2860; x_wconf 89' lang='lat'><strong>1,</strong></span> <span class='ocrx_word' id='word_1_262' title='bbox 1110 2780 1160 2845; x_wconf 91' lang='grc'><strong>18.</strong></span> <span class='ocrx_word' id='word_1_263' title='bbox 1177 2780 1256 2862; x_wconf 89' lang='grc'>19.);</span> <span class='ocrx_word' id='word_1_264' title='bbox 1280 2799 1352 2846; x_wconf 91' lang='lat' dir='ltr'><strong>cum</strong></span> 
     </span>
     <span class='ocr_line' id='line_1_30' title="bbox 121 2862 1353 2948; baseline -0.002 -14"><span class='ocrx_word' id='word_1_265' title='bbox 121 2871 233 2938; x_wconf 88' lang='lat' dir='ltr'><strong>iisdem</strong></span> <span class='ocrx_word' id='word_1_266' title='bbox 254 2875 290 2937; x_wconf 90' lang='lat' dir='ltr'><strong>et</strong></span> <span class='ocrx_word' id='word_1_267' title='bbox 312 2889 384 2936; x_wconf 90' lang='lat' dir='ltr'><strong>curn</strong></span> <span class='ocrx_word' id='word_1_268' title='bbox 397 2870 538 2948; x_wconf 86' lang='lat' dir='ltr'><strong>Joanne,</strong></span> <span class='ocrx_word' id='word_1_269' title='bbox 561 2865 724 2946; x_wconf 87' lang='lat' dir='ltr'><strong>quierant</strong></span> <span class='ocrx_word' id='word_1_270' title='bbox 744 2862 927 2945; x_wconf 78' lang='lat' dir='ltr'><strong>„colomnae</strong></span> <span class='ocrx_word' id='word_1_271' title='bbox 948 2864 1130 2946; x_wconf 75' lang='lat' dir='ltr'><strong>eccleaioc“,</strong></span> <span class='ocrx_word' id='word_1_272' title='bbox 1153 2866 1353 2948; x_wconf 89' lang='lat' dir='ltr'><strong>evangelium</strong></span> 
     </span>
     <span class='ocr_line' id='line_1_31' title="bbox 122 2948 1351 3034; baseline -0.005 -12"><span class='ocrx_word' id='word_1_273' title='bbox 122 2974 214 3022; x_wconf 88' lang='lat' dir='ltr'><strong>suurn</strong></span> <span class='ocrx_word' id='word_1_274' title='bbox 236 2955 374 3023; x_wconf 91' lang='lat' dir='ltr'><strong>contulit</strong></span> <span class='ocrx_word' id='word_1_275' title='bbox 394 2955 478 3020; x_wconf 92' lang='lat' dir='ltr'><strong>inter</strong></span> <span class='ocrx_word' id='word_1_276' title='bbox 503 2950 639 3034; x_wconf 85' lang='lat' dir='ltr'><strong>gentiles</strong></span> <span class='ocrx_word' id='word_1_277' title='bbox 660 2949 881 3031; x_wconf 87' lang='lat' dir='ltr'><strong>praedicatum</strong></span> <span class='ocrx_word' id='word_1_278' title='bbox 902 2948 987 3030; x_wconf 83' lang='lat' dir='ltr'><strong>(Gal</strong></span> <span class='ocrx_word' id='word_1_279' title='bbox 1008 2951 1039 3031; x_wconf 88' lang='grc'><strong>2,</strong></span> <span class='ocrx_word' id='word_1_280' title='bbox 1058 2949 1088 3015; x_wconf 90' lang='grc'><strong>2.</strong></span> <span class='ocrx_word' id='word_1_281' title='bbox 1109 2951 1221 3033; x_wconf 91' lang='lat' dir='ltr'><strong>seqq.).</strong></span> <span class='ocrx_word' id='word_1_282' title='bbox 1270 2950 1351 3016; x_wconf 81' lang='lat' dir='ltr'><strong>(lum</strong></span> 
     </span>
     <span class='ocr_line' id='line_1_32' title="bbox 121 3035 1351 3118; baseline -0.004 -11"><span class='ocrx_word' id='word_1_283' title='bbox 121 3062 195 3109; x_wconf 84' lang='lat' dir='ltr'><strong>vero</strong></span> <span class='ocrx_word' id='word_1_284' title='bbox 216 3045 326 3108; x_wconf 90' lang='lat' dir='ltr'><strong>Lucas</strong></span> <span class='ocrx_word' id='word_1_285' title='bbox 347 3041 469 3107; x_wconf 90' lang='lat' dir='ltr'><strong>diutius</strong></span> <span class='ocrx_word' id='word_1_286' title='bbox 490 3045 524 3104; x_wconf 91' lang='lat' dir='ltr'><strong>et</strong></span> <span class='ocrx_word' id='word_1_287' title='bbox 544 3035 733 3102; x_wconf 81' lang='lat' dir='ltr'><strong>familiarius</strong></span> <span class='ocrx_word' id='word_1_288' title='bbox 755 3053 828 3100; x_wconf 90' lang='lat' dir='ltr'><strong>cum</strong></span> <span class='ocrx_word' id='word_1_289' title='bbox 842 3035 959 3118; x_wconf 89' lang='lat' dir='ltr'><strong>Paulo,</strong></span> <span class='ocrx_word' id='word_1_290' title='bbox 985 3054 1083 3117; x_wconf 87' lang='lat' dir='ltr'><strong>quam</strong></span> <span class='ocrx_word' id='word_1_291' title='bbox 1105 3054 1177 3101; x_wconf 91' lang='lat' dir='ltr'><strong>cum</strong></span> <span class='ocrx_word' id='word_1_292' title='bbox 1191 3037 1351 3118; x_wconf 89' lang='lat' dir='ltr'><strong>Bamaba,</strong></span> 
     </span>
     <span class='ocr_line' id='line_1_33' title="bbox 123 3121 1352 3204; baseline -0.003 -12"><span class='ocrx_word' id='word_1_293' title='bbox 123 3127 218 3196; x_wconf 90' lang='lat' dir='ltr'><strong>Petro</strong></span> <span class='ocrx_word' id='word_1_294' title='bbox 234 3135 271 3196; x_wconf 92' lang='lat' dir='ltr'><strong>et</strong></span> <span class='ocrx_word' id='word_1_295' title='bbox 285 3126 407 3194; x_wconf 90' lang='lat' dir='ltr'><strong>Jacobo</strong></span> <span class='ocrx_word' id='word_1_296' title='bbox 422 3129 511 3192; x_wconf 91' lang='lat' dir='ltr'><strong>esset</strong></span> <span class='ocrx_word' id='word_1_297' title='bbox 523 3126 746 3190; x_wconf 86' lang='lat' dir='ltr'><strong>conversatus:</strong></span> <span class='ocrx_word' id='word_1_298' title='bbox 768 3121 881 3203; x_wconf 89' lang='lat' dir='ltr'><strong>ntique</strong></span> <span class='ocrx_word' id='word_1_299' title='bbox 902 3121 1091 3188; x_wconf 84' lang='lat' dir='ltr'><strong>conveniens</strong></span> <span class='ocrx_word' id='word_1_300' title='bbox 1106 3127 1192 3204; x_wconf 89' lang='lat' dir='ltr'><strong>erat,</strong></span> <span class='ocrx_word' id='word_1_301' title='bbox 1214 3122 1352 3188; x_wconf 89' lang='lat' dir='ltr'><strong>Paulum</strong></span> 
     </span>
     <span class='ocr_line' id='line_1_34' title="bbox 122 3207 1383 3297; baseline -0.006 -17"><span class='ocrx_word' id='word_1_302' title='bbox 122 3216 297 3297; x_wconf 90' lang='lat' dir='ltr'><strong>praecipue</strong></span> <span class='ocrx_word' id='word_1_303' title='bbox 314 3213 478 3280; x_wconf 90' lang='lat' dir='ltr'><strong>nominare</strong></span> <span class='ocrx_word' id='word_1_304' title='bbox 497 3208 618 3275; x_wconf 86' lang='lat' dir='ltr'><strong>fontem</strong></span> <span class='ocrx_word' id='word_1_305' title='bbox 638 3208 854 3289; x_wconf 83' lang='lat' dir='ltr'><strong>evangelistae</strong></span> <span class='ocrx_word' id='word_1_306' title='bbox 874 3208 992 3290; x_wconf 89' lang='lat' dir='ltr'><strong>nostri,</strong></span> <span class='ocrx_word' id='word_1_307' title='bbox 1017 3207 1093 3275; x_wconf 91' lang='lat' dir='ltr'><strong>lieet</strong></span> <span class='ocrx_word' id='word_1_308' title='bbox 1114 3208 1166 3274; x_wconf 94' lang='lat' dir='ltr'><strong>hic</strong></span> <span class='ocrx_word' id='word_1_309' title='bbox 1184 3209 1352 3275; x_wconf 87' lang='lat' dir='ltr'><strong>historiam</strong></span> <span class='ocrx_word' id='word_1_310' title='bbox 1374 3215 1383 3261; x_wconf 77' lang='grc' dir='ltr'><strong><em>ἰ</em></strong></span> 
     </span>
     <span class='ocr_line' id='line_1_35' title="bbox 124 3293 1352 3383; baseline -0.003 -18"><span class='ocrx_word' id='word_1_311' title='bbox 124 3300 340 3383; x_wconf 85' lang='lat' dir='ltr'><strong>conceptionis</strong></span> <span class='ocrx_word' id='word_1_312' title='bbox 356 3304 389 3366; x_wconf 93' lang='lat' dir='ltr'><strong>et</strong></span> <span class='ocrx_word' id='word_1_313' title='bbox 403 3295 581 3364; x_wconf 86' lang='lat' dir='ltr'><strong>nativitatis</strong></span> <span class='ocrx_word' id='word_1_314' title='bbox 592 3293 726 3361; x_wconf 83' lang='lat' dir='ltr'><strong>loannis</strong></span> <span class='ocrx_word' id='word_1_315' title='bbox 737 3293 774 3358; x_wconf 94' lang='lat' dir='ltr'><strong>B.</strong></span> <span class='ocrx_word' id='word_1_316' title='bbox 791 3300 824 3360; x_wconf 92' lang='lat' dir='ltr'><strong>et</strong></span> <span class='ocrx_word' id='word_1_317' title='bbox 835 3293 857 3358; x_wconf 85' lang='lat' dir='ltr'>J</span> <span class='ocrx_word' id='word_1_318' title='bbox 859 3312 924 3376; x_wconf 86' lang='lat' dir='ltr'><strong>esu,</strong></span> <span class='ocrx_word' id='word_1_319' title='bbox 939 3295 1036 3378; x_wconf 87' lang='lat' dir='ltr'><strong>hujus</strong></span> <span class='ocrx_word' id='word_1_320' title='bbox 1050 3294 1278 3377; x_wconf 83' lang='lat' dir='ltr'><strong>genealogiam,</strong></span> <span class='ocrx_word' id='word_1_321' title='bbox 1293 3313 1352 3361; x_wconf 93' lang='lat' dir='ltr'><strong>nec</strong></span> 
     </span>
     <span class='ocr_line' id='line_1_36' title="bbox 123 3380 1352 3465; baseline -0.003 -15"><span class='ocrx_word' id='word_1_322' title='bbox 123 3405 183 3451; x_wconf 94' lang='lat' dir='ltr'><strong>non</strong></span> <span class='ocrx_word' id='word_1_323' title='bbox 198 3386 421 3452; x_wconf 87' lang='lat' dir='ltr'><strong>narrationum</strong></span> <span class='ocrx_word' id='word_1_324' title='bbox 436 3381 690 3465; x_wconf 86' lang='lat' dir='ltr'><strong>evangelicarum</strong></span> <span class='ocrx_word' id='word_1_325' title='bbox 704 3380 848 3445; x_wconf 91' lang='lat' dir='ltr'><strong>ordinem</strong></span> <span class='ocrx_word' id='word_1_326' title='bbox 862 3381 903 3446; x_wconf 89' lang='lat' dir='ltr'><strong>ab</strong></span> <span class='ocrx_word' id='word_1_327' title='bbox 918 3380 991 3446; x_wconf 88' lang='lat' dir='ltr'><strong>aliis</strong></span> <span class='ocrx_word' id='word_1_328' title='bbox 1004 3380 1183 3462; x_wconf 85' lang='lat' dir='ltr'><strong>Apostolis,</strong></span> <span class='ocrx_word' id='word_1_329' title='bbox 1206 3381 1352 3462; x_wconf 86' lang='lat' dir='ltr'><strong>inprimis</strong></span> 
     </span>
     <span class='ocr_line' id='line_1_37' title="bbox 123 3466 1351 3553; baseline -0.004 -17"><span class='ocrx_word' id='word_1_330' title='bbox 123 3471 295 3539; x_wconf 82' lang='lat' dir='ltr'><strong>alacobo</strong></span> <span class='ocrx_word' id='word_1_331' title='bbox 325 3468 540 3553; x_wconf 87' lang='lat' dir='ltr'><strong>suppeditatis</strong></span> <span class='ocrx_word' id='word_1_332' title='bbox 570 3467 666 3532; x_wconf 90' lang='lat' dir='ltr'><strong>etiam</strong></span> <span class='ocrx_word' id='word_1_333' title='bbox 696 3466 908 3532; x_wconf 89' lang='lat' dir='ltr'><strong>monumentis</strong></span> <span class='ocrx_word' id='word_1_334' title='bbox 936 3467 1065 3548; x_wconf 88' lang='lat' dir='ltr'><strong>scriptis</strong></span> <span class='ocrx_word' id='word_1_335' title='bbox 1094 3471 1181 3532; x_wconf 91' lang='lat' dir='ltr'><strong>esset</strong></span> <span class='ocrx_word' id='word_1_336' title='bbox 1209 3467 1351 3532; x_wconf 88' lang='lat' dir='ltr'><strong>edoctus.</strong></span> 
     </span>
     <span class='ocr_line' id='line_1_38' title="bbox 124 3550 1352 3635; baseline -0.005 -11"><span class='ocrx_word' id='word_1_337' title='bbox 124 3557 231 3634; x_wconf 85' lang='lat' dir='ltr'><strong>Quare</strong></span> <span class='ocrx_word' id='word_1_338' title='bbox 257 3558 354 3622; x_wconf 90' lang='lat' dir='ltr'><strong>iidem</strong></span> <span class='ocrx_word' id='word_1_339' title='bbox 376 3557 508 3635; x_wconf 90' lang='lat' dir='ltr'><strong>Patres,</strong></span> <span class='ocrx_word' id='word_1_340' title='bbox 535 3553 590 3635; x_wconf 92' lang='lat' dir='ltr'><strong>qui</strong></span> <span class='ocrx_word' id='word_1_341' title='bbox 616 3550 863 3633; x_wconf 81' lang='lat' dir='ltr'><strong>dependentium</strong></span> <span class='ocrx_word' id='word_1_342' title='bbox 884 3552 991 3618; x_wconf 87' lang='lat' dir='ltr'><strong>Lucae</strong></span> <span class='ocrx_word' id='word_1_343' title='bbox 1012 3570 1033 3617; x_wconf 87' lang='lat' dir='ltr'><strong>a</strong></span> <span class='ocrx_word' id='word_1_344' title='bbox 1053 3551 1154 3617; x_wconf 91' lang='lat' dir='ltr'><strong>Panlo</strong></span> <span class='ocrx_word' id='word_1_345' title='bbox 1180 3555 1352 3634; x_wconf 89' lang='lat' dir='ltr'><strong>testantur,</strong></span> 
     </span>
     <span class='ocr_line' id='line_1_39' title="bbox 122 3636 1352 3720; baseline -0.002 -13"><span class='ocrx_word' id='word_1_346' title='bbox 122 3640 207 3710; x_wconf 91' lang='lat' dir='ltr'><strong>illius</strong></span> <span class='ocrx_word' id='word_1_347' title='bbox 223 3643 420 3710; x_wconf 90' lang='lat' dir='ltr'><strong>consortium</strong></span> <span class='ocrx_word' id='word_1_348' title='bbox 432 3661 504 3708; x_wconf 90' lang='lat' dir='ltr'><strong>cum</strong></span> <span class='ocrx_word' id='word_1_349' title='bbox 518 3639 590 3704; x_wconf 88' lang='lat' dir='ltr'><strong>aliis</strong></span> <span class='ocrx_word' id='word_1_350' title='bbox 605 3655 732 3720; x_wconf 89' lang='lat' dir='ltr'><strong>quoque</strong></span> <span class='ocrx_word' id='word_1_351' title='bbox 743 3636 908 3718; x_wconf 86' lang='lat' dir='ltr'><strong>Apostolis</strong></span> <span class='ocrx_word' id='word_1_352' title='bbox 919 3642 1216 3719; x_wconf 75' lang='lat' dir='ltr'><strong>commemoranmt,</strong></span> <span class='ocrx_word' id='word_1_353' title='bbox 1231 3643 1264 3704; x_wconf 91' lang='lat' dir='ltr'><strong>et</strong></span> <span class='ocrx_word' id='word_1_354' title='bbox 1279 3657 1352 3704; x_wconf 90' lang='lat' dir='ltr'><strong>con·</strong></span> 
     </span>
     <span class='ocr_line' id='line_1_40' title="bbox 124 3722 1353 3808; baseline -0.002 -16"><span class='ocrx_word' id='word_1_355' title='bbox 124 3732 174 3794; x_wconf 86' lang='lat' dir='ltr'><strong>tra</strong></span> <span class='ocrx_word' id='word_1_356' title='bbox 188 3729 371 3796; x_wconf 90' lang='lat' dir='ltr'><strong>haereticos</strong></span> <span class='ocrx_word' id='word_1_357' title='bbox 382 3729 423 3794; x_wconf 91' lang='lat' dir='ltr'><strong>de</strong></span> <span class='ocrx_word' id='word_1_358' title='bbox 436 3724 592 3808; x_wconf 89' lang='lat' dir='ltr'><strong>evangelii</strong></span> <span class='ocrx_word' id='word_1_359' title='bbox 605 3722 708 3790; x_wconf 90' lang='lat' dir='ltr'><strong>nostri</strong></span> <span class='ocrx_word' id='word_1_360' title='bbox 721 3722 896 3804; x_wconf 87' lang='lat' dir='ltr'><strong>authentia,</strong></span> <span class='ocrx_word' id='word_1_361' title='bbox 911 3723 1097 3805; x_wconf 86' lang='lat' dir='ltr'><strong>integritate</strong></span> <span class='ocrx_word' id='word_1_362' title='bbox 1111 3730 1169 3790; x_wconf 90' lang='lat' dir='ltr'><strong>aut</strong></span> <span class='ocrx_word' id='word_1_363' title='bbox 1182 3724 1353 3807; x_wconf 83' lang='lat' dir='ltr'><strong>axiopistia</strong></span> 
     </span>
     <span class='ocr_line' id='line_1_41' title="bbox 124 3808 1080 3898; baseline -0.003 -21"><span class='ocrx_word' id='word_1_364' title='bbox 124 3813 330 3898; x_wconf 88' lang='lat' dir='ltr'><strong>disputantes</strong></span> <span class='ocrx_word' id='word_1_365' title='bbox 344 3814 419 3880; x_wconf 91' lang='lat' dir='ltr'><strong>huic</strong></span> <span class='ocrx_word' id='word_1_366' title='bbox 431 3814 480 3880; x_wconf 91' lang='lat' dir='ltr'><strong>rci</strong></span> <span class='ocrx_word' id='word_1_367' title='bbox 494 3829 644 3893; x_wconf 86' lang='lat' dir='ltr'><strong>magnum</strong></span> <span class='ocrx_word' id='word_1_368' title='bbox 658 3808 841 3874; x_wconf 88' lang='lat' dir='ltr'><strong>tribuerunt</strong></span> <span class='ocrx_word' id='word_1_369' title='bbox 854 3815 1080 3876; x_wconf 84' lang='lat' dir='ltr'><strong>momentum.1</strong></span> 
     </span>
    </p>
   </div>
   <div class='ocr_carea' id='block_1_3' title="bbox 126 4043 1351 4327">
    <p class='ocr_par' dir='ltr' id='par_1_7' title="bbox 126 4043 1351 4327">
     <span class='ocr_line' id='line_1_42' title="bbox 195 4043 1351 4115; baseline -0.007 -9"><span class='ocrx_word' id='word_1_370' title='bbox 195 4057 204 4086; x_wconf 93' lang='lat'>¹</span> <span class='ocrx_word' id='word_1_371' title='bbox 224 4051 251 4106; x_wconf 76' lang='lat' dir='ltr'><strong>S,</strong></span> <span class='ocrx_word' id='word_1_372' title='bbox 263 4051 391 4106; x_wconf 86' lang='lat' dir='ltr'><strong>Irenaeus</strong></span> <span class='ocrx_word' id='word_1_373' title='bbox 408 4050 467 4106; x_wconf 84' lang='lat' dir='ltr'><strong>adv.</strong></span> <span class='ocrx_word' id='word_1_374' title='bbox 478 4049 584 4104; x_wconf 86' lang='lat' dir='ltr'><strong>haeres.</strong></span> <span class='ocrx_word' id='word_1_375' title='bbox 595 4045 643 4099; x_wconf 92' lang='lat' dir='ltr'>III.</span> <span class='ocrx_word' id='word_1_376' title='bbox 659 4045 711 4099; x_wconf 86' lang='lat'>10.:</span> <span class='ocrx_word' id='word_1_377' title='bbox 735 4043 854 4110; x_wconf 88' lang='lat' dir='ltr'><strong>‚,Lucas‚</strong></span> <span class='ocrx_word' id='word_1_378' title='bbox 871 4050 988 4100; x_wconf 89' lang='lat' dir='ltr'><strong>sectator</strong></span> <span class='ocrx_word' id='word_1_379' title='bbox 1004 4051 1032 4100; x_wconf 89' lang='lat' dir='ltr'><strong>et</strong></span> <span class='ocrx_word' id='word_1_380' title='bbox 1047 4045 1196 4115; x_wconf 89' lang='lat' dir='ltr'><strong>discipulus</strong></span> <span class='ocrx_word' id='word_1_381' title='bbox 1210 4045 1351 4115; x_wconf 89' lang='lat' dir='ltr'><strong>Apostolo-</strong></span> 
     </span>
     <span class='ocr_line' id='line_1_43' title="bbox 126 4112 1351 4183; baseline -0.005 -11"><span class='ocrx_word' id='word_1_382' title='bbox 126 4124 211 4172; x_wconf 86' lang='lat' dir='ltr'><strong>rum.“</strong></span> <span class='ocrx_word' id='word_1_383' title='bbox 235 4119 262 4174; x_wconf 86' lang='lat' dir='ltr'><strong>S.</strong></span> <span class='ocrx_word' id='word_1_384' title='bbox 275 4119 376 4174; x_wconf 88' lang='lat' dir='ltr'><strong>Hieron</strong></span> <span class='ocrx_word' id='word_1_385' title='bbox 422 4162 429 4174; x_wconf 86' lang='lat'><strong>.</strong></span> <span class='ocrx_word' id='word_1_386' title='bbox 441 4119 475 4173; x_wconf 93' lang='lat' dir='ltr'><strong>de</strong></span> <span class='ocrx_word' id='word_1_387' title='bbox 486 4117 550 4172; x_wconf 80' lang='lat' dir='ltr'><strong>viris</strong></span> <span class='ocrx_word' id='word_1_388' title='bbox 562 4113 659 4169; x_wconf 87' lang='lat' dir='ltr'><strong>illustr.</strong></span> <span class='ocrx_word' id='word_1_389' title='bbox 672 4129 695 4167; x_wconf 91' lang='lat' dir='ltr'><strong>c.</strong></span> <span class='ocrx_word' id='word_1_390' title='bbox 708 4113 746 4166; x_wconf 70' lang='lat' dir='ltr'><strong>l:</strong></span> <span class='ocrx_word' id='word_1_391' title='bbox 768 4112 899 4181; x_wconf 77' lang='lat' dir='ltr'><strong>„Quidam</strong></span> <span class='ocrx_word' id='word_1_392' title='bbox 911 4114 1083 4183; x_wconf 86' lang='lat' dir='ltr'><strong>suspicantur</strong></span> <span class='ocrx_word' id='word_1_393' title='bbox 1094 4145 1126 4154; x_wconf 95' lang='lat'><em>—</em></span> <span class='ocrx_word' id='word_1_394' title='bbox 1138 4145 1172 4154; x_wconf 91' lang='lat'>-</span> <span class='ocrx_word' id='word_1_395' title='bbox 1183 4114 1285 4168; x_wconf 85' lang='lat' dir='ltr'><strong>Lucam</strong></span> <span class='ocrx_word' id='word_1_396' title='bbox 1297 4129 1351 4167; x_wconf 92' lang='lat' dir='ltr'><strong>non</strong></span> 
     </span>
     <span class='ocr_line' id='line_1_44' title="bbox 128 4179 1348 4258; baseline -0.002 -21"><span class='ocrx_word' id='word_1_397' title='bbox 128 4187 213 4240; x_wconf 89' lang='lat' dir='ltr'><strong>solum</strong></span> <span class='ocrx_word' id='word_1_398' title='bbox 225 4188 259 4243; x_wconf 91' lang='lat' dir='ltr'><strong>ab</strong></span> <span class='ocrx_word' id='word_1_399' title='bbox 270 4190 372 4258; x_wconf 90' lang='lat' dir='ltr'><strong>Aposto</strong></span> <span class='ocrx_word' id='word_1_400' title='bbox 384 4205 399 4243; x_wconf 95' lang='lat' dir='ltr'><strong>o</strong></span> <span class='ocrx_word' id='word_1_401' title='bbox 411 4188 496 4244; x_wconf 92' lang='lat' dir='ltr'><strong>Paulo</strong></span> <span class='ocrx_word' id='word_1_402' title='bbox 507 4184 633 4241; x_wconf 89' lang='lat' dir='ltr'><strong>didicisse</strong></span> <span class='ocrx_word' id='word_1_403' title='bbox 644 4179 819 4253; x_wconf 84' lang='lat' dir='ltr'><strong>evangelium,</strong></span> <span class='ocrx_word' id='word_1_404' title='bbox 855 4182 883 4235; x_wconf 90' lang='lat' dir='ltr'><strong>ui</strong></span> <span class='ocrx_word' id='word_1_405' title='bbox 895 4198 956 4236; x_wconf 88' lang='lat' dir='ltr'><strong>cunr</strong></span> <span class='ocrx_word' id='word_1_406' title='bbox 968 4184 1082 4237; x_wconf 90' lang='lat' dir='ltr'><strong>Domino</strong></span> <span class='ocrx_word' id='word_1_407' title='bbox 1093 4182 1122 4236; x_wconf 91' lang='lat' dir='ltr'><strong>in</strong></span> <span class='ocrx_word' id='word_1_408' title='bbox 1133 4197 1215 4236; x_wconf 86' lang='lat' dir='ltr'><strong>carne</strong></span> <span class='ocrx_word' id='word_1_409' title='bbox 1226 4199 1279 4237; x_wconf 90' lang='lat' dir='ltr'><strong>non</strong></span> <span class='ocrx_word' id='word_1_410' title='bbox 1290 4181 1348 4236; x_wconf 85' lang='lat' dir='ltr'><strong>fue·</strong></span> 
     </span>
     <span class='ocr_line' id='line_1_45' title="bbox 127 4248 1348 4327; baseline -0.003 -19"><span class='ocrx_word' id='word_1_411' title='bbox 127 4262 177 4321; x_wconf 87' lang='lat' dir='ltr'><strong>rat,</strong></span> <span class='ocrx_word' id='word_1_412' title='bbox 189 4256 239 4310; x_wconf 88' lang='lat' dir='ltr'><strong>sed</strong></span> <span class='ocrx_word' id='word_1_413' title='bbox 249 4264 277 4312; x_wconf 88' lang='lat' dir='ltr'><strong>et</strong></span> <span class='ocrx_word' id='word_1_414' title='bbox 287 4273 305 4312; x_wconf 91' lang='lat' dir='ltr'><strong>a</strong></span> <span class='ocrx_word' id='word_1_415' title='bbox 315 4259 412 4313; x_wconf 81' lang='lat' dir='ltr'><strong>ceteris</strong></span> <span class='ocrx_word' id='word_1_416' title='bbox 423 4254 585 4327; x_wconf 79' lang='lat' dir='ltr'><strong>Apostohs.“</strong></span> <span class='ocrx_word' id='word_1_417' title='bbox 597 4250 651 4307; x_wconf 80' lang='lat' dir='ltr'><strong>ch.</strong></span> <span class='ocrx_word' id='word_1_418' title='bbox 660 4252 727 4308; x_wconf 86' lang='lat' dir='ltr'><strong>Eue.</strong></span> <span class='ocrx_word' id='word_1_419' title='bbox 739 4249 766 4304; x_wconf 86' lang='lat' dir='ltr'><strong>h</strong></span> <span class='ocrx_word' id='word_1_420' title='bbox 780 4263 803 4304; x_wconf 85' lang='grc' dir='ltr'><strong>θ.</strong></span> <span class='ocrx_word' id='word_1_421' title='bbox 876 4248 902 4304; x_wconf 85' lang='grc'><strong>4.</strong></span> <span class='ocrx_word' id='word_1_422' title='bbox 915 4266 936 4306; x_wconf 88' lang='lat' dir='ltr'><strong>s.</strong></span> <span class='ocrx_word' id='word_1_423' title='bbox 947 4251 1084 4323; x_wconf 81' lang='lat' dir='ltr'><strong>(lhrysost.</strong></span> <span class='ocrx_word' id='word_1_424' title='bbox 1096 4251 1167 4305; x_wconf 80' lang='lat' dir='ltr'><strong>hona</strong></span> <span class='ocrx_word' id='word_1_425' title='bbox 1179 4251 1201 4305; x_wconf 84' lang='lat' dir='ltr'>L</span> <span class='ocrx_word' id='word_1_426' title='bbox 1214 4250 1348 4306; x_wconf 82' lang='lat' dir='ltr'><strong>inMatth.</strong></span> 
     </span>
    </p>
   </div>
   <div class='ocr_carea' id='block_1_4' title="bbox 0 0 1686 5156">
    <p class='ocr_par' dir='ltr' id='par_1_8' title="bbox 0 0 1686 5156">
     <span class='ocr_line' id='line_1_46' title="bbox 0 0 1686 5156; baseline 0 0"><span class='ocrx_word' id='word_1_427' title='bbox 0 0 1686 5156; x_wconf 95' lang='lat' dir='ltr'><strong> </strong></span> 
     </span>
    </p>
   </div>
  </div>
 </body>
</html>
