3314 5166
750 271 1035 336 -136—

279 447 340 511 bus
352 451 385 512 et
395 463 468 510 cum
482 444 632 509 universa
645 448 820 524 auctorum,
836 443 953 525 quihus
961 443 1155 525 tribuuntur,
1166 441 1272 508 indole
1283 442 1508 526 adjunctisque

278 531 455 596 invenimus
479 549 680 609 consensum,
706 535 859 612 quantum
879 529 920 594 de
941 529 1027 594 nullo
1047 529 1248 610 antiquitatis
1268 528 1350 594 libro
1372 529 1507 611 profano

278 617 466 700 praedicare
484 615 533 680 fas
554 620 616 695 est,
638 615 714 697 quia
733 615 816 680 tales
837 615 897 680 hac
913 619 1058 695 exparte
1072 635 1134 680 non
1149 616 1230 680 adeo
1246 633 1377 680 severae
1392 617 1509 698 subjici

280 703 385 768 solent
410 720 513 783 neque
538 705 674 782 possunt
700 701 782 767 crisi.
832 700 1006 765 Praeterea
1031 705 1132 766 testes
1157 705 1288 781 praesto
1315 707 1390 765 sunt
1415 706 1524 789 tanto,

279 807 427 870 numero,
453 793 490 851 ut
505 805 630 852 omnem
645 787 812 867 antiquum
827 791 1070 867 repraesentent
1090 786 1200 852 orbem
1222 787 1448 867 christianum,
1477 794 1510 854 et

278 878 370 939 tanta
386 873 531 939 claritate
543 891 580 938 ac
593 872 784 937 certitudine
795 872 971 952 loquentes,
987 878 1024 936 ut
1036 872 1170 953 quodvis
1182 871 1352 937 excludant
1364 873 1508 938 dubium.

279 959 393 1025 Testes
412 959 446 1022 hi
465 957 529 1023 fide
551 964 626 1023 sunt
650 957 844 1039 dignissimi3
869 975 942 1020 nam
965 958 999 1040 a)
1019 959 1128 1038 plures
1151 977 1260 1022 eorum
1282 957 1338 1022 illa
1359 959 1510 1025 vixerunt

278 1051 403 1124 aetate,
435 1062 517 1125 quae
542 1043 673 1125 originis
698 1043 853 1108 librorum
878 1047 1061 1108 nostrorum
1086 1043 1223 1124 tempori
1248 1043 1393 1124 proxima
1420 1051 1509 1124 erat;

278 1132 310 1213 b)
325 1135 426 1196 testes
442 1129 611 1194 orthodoxi
625 1128 850 1210 integerrimae
866 1129 1074 1208 enuntiatae,
1089 1129 1244 1193 librorum
1259 1133 1326 1193 tam
1341 1148 1510 1195 sacrorum

278 1235 374 1297 quam
403 1214 609 1296 profanorum
638 1214 774 1280 lectores
803 1213 1040 1295 diligentissimi
1069 1220 1101 1279 et
1131 1214 1257 1296 judices
1291 1216 1509 1297 sagacissimi3

279 1303 309 1385 c)
332 1302 364 1366 in
386 1300 578 1382 recipiendis
603 1299 693 1364 libris
720 1299 820 1364 sacris
845 1319 908 1364 non
933 1299 1031 1365 animi
1055 1299 1257 1366 indulserunt
1281 1300 1423 1382 levitati,
1452 1305 1510 1368 sed

277 1387 385 1470 potius
400 1386 557 1467 scepticos
573 1404 645 1451 sese
668 1385 893 1463 exhibuerunt3
919 1404 993 1449 nam
1018 1386 1141 1450 nonnisi
1167 1385 1298 1452 indubio
1324 1389 1510 1454 traditionis

279 1472 485 1540 ecclesiarum
508 1471 756 1552 apostolicarum
778 1471 961 1536 testimonio
983 1489 1094 1536 aurern
1116 1471 1348 1553 praebuerunt,
1375 1479 1414 1536 ut
1438 1473 1510 1539 Cle

278 1559 394 1624 mentis
404 1557 503 1637 Alex,
520 1557 677 1639 origenis,
692 1556 825 1622 Ensehii
840 1557 1039 1638 ahorumque
1054 1557 1232 1638 exemplum
1247 1557 1510 1624 manifestissime

278 1644 373 1709 docet
395 1642 442 1722 (cf
458 1695 464 1707 .
481 1641 508 1724 ξ.
524 1643 605 1724 30.);
637 1642 673 1724 d)
695 1663 758 1708 non
780 1642 928 1708 obstante
950 1643 1132 1724 regionum,
1154 1643 1187 1706 in
1209 1643 1326 1724 quibus
1348 1644 1508 1725 vixerunt,

278 1729 448 1808 distantia,
464 1728 744 1795 nonobstantibus
760 1728 892 1807 studiis,
909 1727 1025 1809 quibus
1041 1728 1253 1808 ducebantur,
1270 1729 1421 1810 diversis,
1443 1731 1508 1796 imo

278 1814 320 1895 (si
331 1815 510 1880 haereticos
522 1818 555 1879 et
567 1815 768 1879 adversarios
781 1814 948 1895 respicias)
960 1814 1113 1894 adversis,
1125 1815 1225 1880 mirus
1237 1816 1278 1880 de
1289 1815 1409 1880 nostris
1422 1815 1463 1880 N.
1474 1817 1508 1880 T.

276 1901 366 1965 libris
382 1901 496 1966 saltem
508 1900 762 1982 protocanonicis
776 1900 937 1964 invenitur
952 1917 1133 1965 consensus.

281 2058 286 2065 ,
362 1986 484 2064 Quodsi
498 1987 559 2051 hac
574 2005 612 2051 ex
626 1991 720 2066 parte
734 1985 833 2050 libros
848 1985 998 2067 profanos
1014 1986 1267 2067 consideremus
1290 2005 1363 2051 oum
1384 1989 1509 2054 nostris

276 2093 316 2138 ne
331 2074 363 2137 in
379 2091 508 2137 censum
528 2073 657 2153 quidem
677 2071 785 2136 venire
804 2076 954 2152 possunt3
980 2090 1055 2136 nam
1076 2071 1202 2137 illorum
1222 2073 1424 2138 authentiam
1444 2095 1508 2140 uno

276 2164 401 2223 tantum
417 2158 574 2237 alterove,
600 2177 662 2222 non
676 2175 749 2221 raro
765 2157 914 2238 ambiguo
937 2157 1128 2222 scholiastae
1150 2158 1331 2239 cujusdam,
1357 2160 1509 2240 pluribus

277 2261 502 2323 nonnunquam
517 2243 653 2307 saeeuhs
668 2262 687 2306 a
703 2248 846 2322 tempore
862 2243 992 2324 originis
1007 2243 1081 2308 libri
1095 2243 1225 2323 remoti,
1247 2243 1343 2309 effato
1365 2246 1428 2310 niti
1452 2248 1508 2312 de-

276 2328 511 2410 prehendimus.
549 2328 719 2393 Sacrorum
740 2328 850 2408 itaque
871 2329 909 2392 N.
926 2329 961 2393 T.
983 2329 1138 2394 librorum
1159 2330 1358 2396 authentiam
1378 2331 1506 2398 infinite

277 2414 446 2479 certiorem
462 2432 549 2494 esse,
565 2432 662 2494 quam
676 2413 772 2478 ullius
787 2413 861 2478 libri
874 2413 1012 2496 profani,
1031 2416 1104 2497 jure
1119 2433 1265 2482 asserere
1279 2415 1370 2496 licet,
1393 2417 1443 2482 ita
1459 2421 1505 2498 ut',
1553 2431 1559 2442 ·

277 2500 304 2564 si
326 2519 389 2565 non
411 2499 614 2564 obstantibus
636 2499 832 2581 argumentis
859 2500 965 2564 allatis
991 2500 1171 2582 genuinitas
1196 2502 1293 2566 ullius
1312 2501 1351 2566 N.
1374 2503 1409 2566 Τ.
1431 2503 1507 2568 libri

277 2591 363 2652 esset
378 2584 484 2666 dubia,
501 2585 606 2651 nullus
620 2583 764 2666 prolecto
779 2585 860 2651 liber
875 2586 1025 2666 antiquus
1041 2586 1170 2668 agnosci
1184 2593 1294 2669 posset
1308 2589 1479 2670 genuinus.

783 2859 986 2868 -=·--—---=

763 3079 937 3156 CAPUT
962 3081 1011 3154 Π.

581 3235 639 3308 De
656 3233 827 3308 librorum
846 3234 890 3307 N.
909 3235 953 3308 T.
978 3234 1192 3329 integritate.
1287 3194 1293 3206 ¹

836 3421 864 3502 ἕ.
888 3422 938 3487 94.

350 3555 437 3616 Quid
448 3561 480 3609 et
493 3556 669 3620 quotuplex
681 3558 726 3608 sit
738 3558 907 3620 integritas
919 3562 952 3610 et
964 3559 1183 3623 interpolatio.
1207 3560 1427 3615 Dicendorum

790 3647 988 3707 conspectus.

362 3777 390 3841 1.
417 3777 480 3840 Per
496 3781 700 3865 abteqra'tutem
716 3780 992 3867 abdicataque
1006 3784 1189 3848 immunitas
1204 3785 1269 3869 ejas
1289 3809 1310 3848 a
1331 3790 1502 3852 macedone

273 3874 374 3926 tamtus
387 3862 483 3927 inuito
498 3877 624 3928 auctore
636 3866 741 3949 factat.
834 3873 837 3884 '

361 3948 548 4014 immunitas
559 3951 627 4031 jam
641 3970 717 4016 vero
731 3952 811 4016 haec
824 3950 929 4016 locum
943 3951 1042 4015 habet
1056 3953 1106 4017 vel
1120 3954 1153 4017 in
1173 3955 1318 4020 omnibus
1339 3962 1372 4021 et
1393 3959 1501 4041 singu·

274 4035 314 4100 lis
330 4034 436 4115 operis
450 4035 598 4116 partibus
614 4037 692 4101 etin
708 4037 829 4103 cunctis
845 4037 988 4118 ejusdem
1004 4038 1253 4120 exemplaribus;
1275 4042 1326 4106 vel
1340 4043 1373 4106 in
1393 4063 1501 4109 essen-

274 4119 345 4185 tiali
365 4125 491 4185 tantum
514 4122 620 4202 operis
641 4127 734 4202 parte
756 4127 789 4186 et
808 4123 841 4186 in
860 4121 1007 4202 pluribus
1023 4123 1125 4187 solum
1140 4127 1361 4192 monumentis.
1408 4129 1500 4196 Unde

275 4206 378 4271 oritur
403 4207 566 4272 distinctio
592 4208 676 4271 inter
699 4207 918 4290 integritatem
944 4207 1124 4289 significatu
1149 4212 1255 4276 latiori
1285 4219 1318 4277 et
1347 4214 1501 4280 strictiori

276 4296 461 4372 spectatam.
491 4330 534 4338 —
563 4293 736 4374 Integritas
763 4293 944 4374 significatu
970 4294 1092 4375 latiori,
1118 4316 1201 4378 qnae
1224 4297 1317 4379 vulgo
1340 4300 1499 4383 atropatus

276 4380 389 4440 crr‘a‘oa
415 4386 563 4460 vocatur,
595 4383 644 4443 est
670 4377 853 4444 immunitas
880 4381 1018 4444 omnium
1045 4383 1170 4446 omnino
1196 4383 1302 4464 operis
1332 4385 1499 4467 cujusdam

276 4464 503 4544 exemplarium
529 4465 569 4528 ab
597 4463 694 4543 omni,
726 4465 823 4528 etiam
848 4465 1010 4530 levissima
1034 4472 1142 4534 textus
1167 4469 1343 4534 mutatione
1368 4477 1499 4550 praeter

276 4550 417 4613 auctoris
432 4550 630 4616 voluntatem
645 4551 804 4630 susceptat.
833 4551 1001 4636 intepretes
1016 4552 1118 4633 signif.
1134 4554 1287 4619 strictiori
1301 4573 1359 4620 seu
1374 4556 1499 4642 doymo-
