<?xml version="1.0" encoding="UTF-8"?>
<!DOCTYPE html PUBLIC "-//W3C//DTD XHTML 1.0 Transitional//EN"
    "http://www.w3.org/TR/xhtml1/DTD/xhtml1-transitional.dtd">
<html xmlns="http://www.w3.org/1999/xhtml" xml:lang="en" lang="en">
 <head>
  <title>
</title>
<meta http-equiv="Content-Type" content="text/html;charset=utf-8" />
  <meta name='ocr-system' content='tesseract 3.04.00' />
  <meta name='ocr-capabilities' content='ocr_page ocr_carea ocr_par ocr_line ocrx_word'/>
</head>
<body>
  <div class='ocr_page' id='page_1' title='image "./introductioinsa00gngoog_0048.png"; bbox 0 0 3356 5176; ppageno 0'>
   <div class='ocr_carea' id='block_1_1' title="bbox 602 366 864 430">
    <p class='ocr_par' dir='ltr' id='par_1_1' title="bbox 602 366 864 430">
     <span class='ocr_line' id='line_1_1' title="bbox 602 366 864 430; baseline 0.004 -22"><span class='ocrx_word' id='word_1_1' title='bbox 602 366 864 430; x_wconf 45' lang='grc' dir='ltr'>--33-Β</span> 
     </span>
    </p>
   </div>
   <div class='ocr_carea' id='block_1_2' title="bbox 122 533 1415 1300">
    <p class='ocr_par' dir='ltr' id='par_1_2' title="bbox 122 533 1415 1300">
     <span class='ocr_line' id='line_1_2' title="bbox 124 533 1343 617; baseline 0.002 -21"><span class='ocrx_word' id='word_1_2' title='bbox 124 533 275 598; x_wconf 85' lang='lat' dir='ltr'><strong>tredecim</strong></span> <span class='ocrx_word' id='word_1_3' title='bbox 292 534 442 614; x_wconf 84' lang='lat' dir='ltr'>epistolas</span> <span class='ocrx_word' id='word_1_4' title='bbox 458 553 482 599; x_wconf 92' lang='lat' dir='ltr'>s.</span> <span class='ocrx_word' id='word_1_5' title='bbox 499 533 605 616; x_wconf 91' lang='lat' dir='ltr'>Pauli,</span> <span class='ocrx_word' id='word_1_6' title='bbox 621 537 645 600; x_wconf 93' lang='lat' dir='ltr'>l.</span> <span class='ocrx_word' id='word_1_7' title='bbox 661 536 749 601; x_wconf 93' lang='lat' dir='ltr'>Petri</span> <span class='ocrx_word' id='word_1_8' title='bbox 766 541 798 600; x_wconf 88' lang='lat' dir='ltr'>et</span> <span class='ocrx_word' id='word_1_9' title='bbox 813 537 836 600; x_wconf 93' lang='grc' dir='ltr'>Ι.</span> <span class='ocrx_word' id='word_1_10' title='bbox 854 536 986 600; x_wconf 79' lang='lat' dir='ltr'>loannis</span> <span class='ocrx_word' id='word_1_11' title='bbox 1003 536 1170 617; x_wconf 89' lang='lat' dir='ltr'>epistolam</span> <span class='ocrx_word' id='word_1_12' title='bbox 1185 536 1343 616; x_wconf 79' lang='lat' dir='ltr'>huJ&#39;usque</span> 
     </span>
     <span class='ocr_line' id='line_1_3' title="bbox 124 619 1341 702; baseline 0 -20"><span class='ocrx_word' id='word_1_13' title='bbox 124 619 331 700; x_wconf 89' lang='lat' dir='ltr'>apocalypsis.</span> <span class='ocrx_word' id='word_1_14' title='bbox 354 619 519 684; x_wconf 91' lang='lat' dir='ltr'>Accedunt</span> <span class='ocrx_word' id='word_1_15' title='bbox 534 622 620 698; x_wconf 92' lang='lat' dir='ltr'>apud</span> <span class='ocrx_word' id='word_1_16' title='bbox 634 621 827 686; x_wconf 80' lang='lat' dir='ltr'>Clementem</span> <span class='ocrx_word' id='word_1_17' title='bbox 839 622 926 685; x_wconf 89' lang='lat' dir='ltr'>Alex.</span> <span class='ocrx_word' id='word_1_18' title='bbox 944 641 991 702; x_wconf 92' lang='lat' dir='ltr'>ep.</span> <span class='ocrx_word' id='word_1_19' title='bbox 1005 623 1046 685; x_wconf 92' lang='lat' dir='ltr'>ad</span> <span class='ocrx_word' id='word_1_20' title='bbox 1059 622 1239 700; x_wconf 76' lang='lat' dir='ltr'>Hebraeos,</span> <span class='ocrx_word' id='word_1_21' title='bbox 1256 621 1341 701; x_wconf 92' lang='lat' dir='ltr'>apud</span> 
     </span>
     <span class='ocr_line' id='line_1_4' title="bbox 125 705 1342 788; baseline 0.002 -22"><span class='ocrx_word' id='word_1_22' title='bbox 125 705 257 769; x_wconf 89' lang='lat' dir='ltr'>eundem</span> <span class='ocrx_word' id='word_1_23' title='bbox 273 711 306 770; x_wconf 91' lang='lat' dir='ltr'>et</span> <span class='ocrx_word' id='word_1_24' title='bbox 321 723 345 768; x_wconf 92' lang='lat' dir='ltr'>s.</span> <span class='ocrx_word' id='word_1_25' title='bbox 361 706 528 769; x_wconf 82' lang='lat' dir='ltr'>Irenaeum</span> <span class='ocrx_word' id='word_1_26' title='bbox 543 707 583 770; x_wconf 94' lang='grc' dir='ltr'>ΙΙ.</span> <span class='ocrx_word' id='word_1_27' title='bbox 596 708 744 785; x_wconf 79' lang='lat' dir='ltr'>loannis3</span> <span class='ocrx_word' id='word_1_28' title='bbox 760 708 847 788; x_wconf 92' lang='lat' dir='ltr'>apud</span> <span class='ocrx_word' id='word_1_29' title='bbox 859 706 1087 770; x_wconf 84' lang='lat' dir='ltr'>Tertullianum</span> <span class='ocrx_word' id='word_1_30' title='bbox 1104 713 1136 771; x_wconf 91' lang='lat' dir='ltr'>et</span> <span class='ocrx_word' id='word_1_31' title='bbox 1149 707 1342 771; x_wconf 86' lang='lat' dir='ltr'>Clementem</span> 
     </span>
     <span class='ocr_line' id='line_1_5' title="bbox 125 790 1343 871; baseline 0 -19"><span class='ocrx_word' id='word_1_32' title='bbox 125 808 169 869; x_wconf 92' lang='lat' dir='ltr'>ep.</span> <span class='ocrx_word' id='word_1_33' title='bbox 186 790 300 855; x_wconf 89' lang='lat' dir='ltr'>Judae.</span> <span class='ocrx_word' id='word_1_34' title='bbox 337 791 386 854; x_wconf 89' lang='lat' dir='ltr'>De</span> <span class='ocrx_word' id='word_1_35' title='bbox 402 791 538 871; x_wconf 88' lang='lat' dir='ltr'>epistola</span> <span class='ocrx_word' id='word_1_36' title='bbox 553 792 666 856; x_wconf 83' lang='lat' dir='ltr'>Jacobi</span> <span class='ocrx_word' id='word_1_37' title='bbox 681 793 840 857; x_wconf 90' lang='lat' dir='ltr'>sententia</span> <span class='ocrx_word' id='word_1_38' title='bbox 856 811 964 856; x_wconf 89' lang='lat' dir='ltr'>eorum</span> <span class='ocrx_word' id='word_1_39' title='bbox 979 792 1101 856; x_wconf 91' lang='lat' dir='ltr'>incerta</span> <span class='ocrx_word' id='word_1_40' title='bbox 1117 797 1180 870; x_wconf 88' lang='lat' dir='ltr'>est;</span> <span class='ocrx_word' id='word_1_41' title='bbox 1196 793 1236 855; x_wconf 92' lang='grc' dir='ltr'>ΙΙ.</span> <span class='ocrx_word' id='word_1_42' title='bbox 1253 791 1343 855; x_wconf 90' lang='lat' dir='ltr'>Petri</span> 
     </span>
     <span class='ocr_line' id='line_1_6' title="bbox 124 877 1342 958; baseline 0.002 -20"><span class='ocrx_word' id='word_1_43' title='bbox 124 894 195 939; x_wconf 94' lang='lat' dir='ltr'>vero</span> <span class='ocrx_word' id='word_1_44' title='bbox 219 882 252 940; x_wconf 94' lang='lat' dir='ltr'>et</span> <span class='ocrx_word' id='word_1_45' title='bbox 273 877 330 939; x_wconf 87' lang='grc' dir='ltr'><strong>ΙΙΙ.</strong></span> <span class='ocrx_word' id='word_1_46' title='bbox 347 877 478 940; x_wconf 87' lang='lat' dir='ltr'>Joannis</span> <span class='ocrx_word' id='word_1_47' title='bbox 500 896 562 941; x_wconf 97' lang='lat' dir='ltr'>non</span> <span class='ocrx_word' id='word_1_48' title='bbox 581 878 769 942; x_wconf 91' lang='lat' dir='ltr'>nominatur.</span> <span class='ocrx_word' id='word_1_49' title='bbox 813 877 978 958; x_wconf 87' lang='lat' dir='ltr'>Unanimis</span> <span class='ocrx_word' id='word_1_50' title='bbox 994 877 1125 941; x_wconf 90' lang='lat' dir='ltr'>Patrum</span> <span class='ocrx_word' id='word_1_51' title='bbox 1141 878 1253 941; x_wconf 90' lang='lat' dir='ltr'>horum</span> <span class='ocrx_word' id='word_1_52' title='bbox 1270 895 1342 940; x_wconf 89' lang='lat' dir='ltr'>con-</span> 
     </span>
     <span class='ocr_line' id='line_1_7' title="bbox 123 961 1415 1044; baseline 0.001 -21"><span class='ocrx_word' id='word_1_53' title='bbox 123 978 242 1040; x_wconf 89' lang='lat' dir='ltr'>sensus,</span> <span class='ocrx_word' id='word_1_54' title='bbox 259 962 314 1043; x_wconf 89' lang='lat' dir='ltr'>qni</span> <span class='ocrx_word' id='word_1_55' title='bbox 330 962 423 1025; x_wconf 89' lang='lat' dir='ltr'>simul</span> <span class='ocrx_word' id='word_1_56' title='bbox 438 961 532 1026; x_wconf 92' lang='lat' dir='ltr'>fidem</span> <span class='ocrx_word' id='word_1_57' title='bbox 550 963 763 1043; x_wconf 90' lang='lat' dir='ltr'>ecclesiarum,</span> <span class='ocrx_word' id='word_1_58' title='bbox 779 964 811 1027; x_wconf 92' lang='lat' dir='ltr'>in</span> <span class='ocrx_word' id='word_1_59' title='bbox 827 964 942 1044; x_wconf 91' lang='lat' dir='ltr'>quibus</span> <span class='ocrx_word' id='word_1_60' title='bbox 957 962 1140 1042; x_wconf 88' lang='lat' dir='ltr'>floruerunt,</span> <span class='ocrx_word' id='word_1_61' title='bbox 1157 981 1342 1043; x_wconf 90' lang='lat' dir='ltr'>repraesen-</span> <span class='ocrx_word' id='word_1_62' title='bbox 1413 1033 1415 1036; x_wconf 18' lang='lat'>¹</span> 
     </span>
     <span class='ocr_line' id='line_1_8' title="bbox 123 1047 1341 1129; baseline 0.002 -22"><span class='ocrx_word' id='word_1_63' title='bbox 123 1049 184 1124; x_wconf 85' lang='lat' dir='ltr'>tat,</span> <span class='ocrx_word' id='word_1_64' title='bbox 211 1047 405 1127; x_wconf 84' lang='lat' dir='ltr'>agnitionem</span> <span class='ocrx_word' id='word_1_65' title='bbox 430 1052 462 1112; x_wconf 90' lang='lat' dir='ltr'>et</span> <span class='ocrx_word' id='word_1_66' title='bbox 487 1067 581 1111; x_wconf 92' lang='lat' dir='ltr'>usum</span> <span class='ocrx_word' id='word_1_67' title='bbox 606 1050 790 1112; x_wconf 90' lang='lat' dir='ltr'>canonicum</span> <span class='ocrx_word' id='word_1_68' title='bbox 815 1049 968 1121; x_wconf 86' lang='lat' dir='ltr'>librorum</span> <span class='ocrx_word' id='word_1_69' title='bbox 994 1049 1083 1129; x_wconf 93' lang='lat' dir='ltr'>prius</span> <span class='ocrx_word' id='word_1_70' title='bbox 1108 1049 1341 1112; x_wconf 93' lang='lat' dir='ltr'>nominatorum</span> 
     </span>
     <span class='ocr_line' id='line_1_9' title="bbox 123 1131 1341 1214; baseline 0.002 -21"><span class='ocrx_word' id='word_1_71' title='bbox 123 1131 220 1194; x_wconf 91' lang='lat' dir='ltr'>multo</span> <span class='ocrx_word' id='word_1_72' title='bbox 236 1133 448 1212; x_wconf 83' lang='lat' dir='ltr'>antiquiorem</span> <span class='ocrx_word' id='word_1_73' title='bbox 464 1138 674 1213; x_wconf 64' lang='lat' dir='ltr'>contestatum</span> <span class='ocrx_word' id='word_1_74' title='bbox 699 1135 815 1198; x_wconf 88' lang='lat' dir='ltr'>etenim</span> <span class='ocrx_word' id='word_1_75' title='bbox 835 1135 969 1214; x_wconf 88' lang='lat' dir='ltr'>scripta,</span> <span class='ocrx_word' id='word_1_76' title='bbox 992 1152 1074 1213; x_wconf 89' lang='lat' dir='ltr'>quae</span> <span class='ocrx_word' id='word_1_77' title='bbox 1095 1138 1239 1197; x_wconf 87' lang='lat' dir='ltr'>recenter</span> <span class='ocrx_word' id='word_1_78' title='bbox 1254 1133 1341 1196; x_wconf 92' lang='lat' dir='ltr'>inno·</span> 
     </span>
     <span class='ocr_line' id='line_1_10' title="bbox 122 1217 1276 1300; baseline 0.003 -22"><span class='ocrx_word' id='word_1_79' title='bbox 122 1217 266 1297; x_wconf 90' lang='lat' dir='ltr'>tuissent,</span> <span class='ocrx_word' id='word_1_80' title='bbox 282 1238 344 1281; x_wconf 95' lang='lat' dir='ltr'>non</span> <span class='ocrx_word' id='word_1_81' title='bbox 359 1219 440 1283; x_wconf 92' lang='lat' dir='ltr'>adeo</span> <span class='ocrx_word' id='word_1_82' title='bbox 457 1218 603 1283; x_wconf 89' lang='lat' dir='ltr'>celeriter</span> <span class='ocrx_word' id='word_1_83' title='bbox 618 1220 829 1285; x_wconf 90' lang='lat' dir='ltr'>universalem</span> <span class='ocrx_word' id='word_1_84' title='bbox 844 1220 1039 1284; x_wconf 89' lang='lat' dir='ltr'>invenissent</span> <span class='ocrx_word' id='word_1_85' title='bbox 1053 1220 1276 1300; x_wconf 89' lang='lat' dir='ltr'>receptionem.</span> 
     </span>
    </p>
   </div>
   <div class='ocr_carea' id='block_1_3' title="bbox 681 1509 783 1591">
    <p class='ocr_par' dir='ltr' id='par_1_3' title="bbox 681 1509 783 1591">
     <span class='ocr_line' id='line_1_11' title="bbox 681 1509 783 1591; baseline 0.01 -18"><span class='ocrx_word' id='word_1_86' title='bbox 681 1509 709 1591; x_wconf 72' lang='lat' dir='ltr'>s.</span> <span class='ocrx_word' id='word_1_87' title='bbox 731 1511 783 1574; x_wconf 80' lang='lat' dir='ltr'>aa.</span> 
     </span>
    </p>
   </div>
   <div class='ocr_carea' id='block_1_4' title="bbox 122 1641 1339 1711">
    <p class='ocr_par' dir='ltr' id='par_1_4' title="bbox 122 1641 1339 1711">
     <span class='ocr_line' id='line_1_12' title="bbox 122 1641 1339 1711; baseline 0.002 -20"><span class='ocrx_word' id='word_1_88' title='bbox 122 1641 149 1708; x_wconf 78' lang='lat' dir='ltr'>d)</span> <span class='ocrx_word' id='word_1_89' title='bbox 161 1642 275 1694; x_wconf 83' lang='lat' dir='ltr'>Canon</span> <span class='ocrx_word' id='word_1_90' title='bbox 287 1655 369 1694; x_wconf 82' lang='lat' dir='ltr'>saec.</span> <span class='ocrx_word' id='word_1_91' title='bbox 383 1643 442 1694; x_wconf 89' lang='lat'>111.</span> <span class='ocrx_word' id='word_1_92' title='bbox 456 1645 488 1694; x_wconf 85' lang='lat' dir='ltr'>et</span> <span class='ocrx_word' id='word_1_93' title='bbox 499 1644 595 1696; x_wconf 85' lang='lat' dir='ltr'>initio</span> <span class='ocrx_word' id='word_1_94' title='bbox 607 1645 674 1705; x_wconf 87' lang='lat' dir='ltr'>1v.,</span> <span class='ocrx_word' id='word_1_95' title='bbox 689 1647 720 1696; x_wconf 87' lang='lat' dir='ltr'>et</span> <span class='ocrx_word' id='word_1_96' title='bbox 732 1645 862 1708; x_wconf 85' lang='lat' dir='ltr'>quidem</span> <span class='ocrx_word' id='word_1_97' title='bbox 874 1643 904 1711; x_wconf 82' lang='lat' dir='ltr'>a)</span> <span class='ocrx_word' id='word_1_98' title='bbox 918 1645 1072 1696; x_wconf 84' lang='lat' dir='ltr'>ecclesiae</span> <span class='ocrx_word' id='word_1_99' title='bbox 1085 1644 1339 1696; x_wconf 80' lang='lat' dir='ltr'>Alexandrinae.</span> 
     </span>
    </p>
   </div>
   <div class='ocr_carea' id='block_1_5' title="bbox 122 1792 1342 3928">
    <p class='ocr_par' dir='ltr' id='par_1_5' title="bbox 122 1792 1342 3328">
     <span class='ocr_line' id='line_1_13' title="bbox 201 1792 1341 1878; baseline 0.002 -18"><span class='ocrx_word' id='word_1_100' title='bbox 201 1796 369 1862; x_wconf 82' lang='lat' dir='ltr'>Ecclesiae</span> <span class='ocrx_word' id='word_1_101' title='bbox 387 1792 621 1863; x_wconf 83' lang='lat' dir='ltr'>Alexandrinae</span> <span class='ocrx_word' id='word_1_102' title='bbox 643 1818 660 1863; x_wconf 92' lang='lat' dir='ltr'>e</span> <span class='ocrx_word' id='word_1_103' title='bbox 676 1817 758 1863; x_wconf 89' lang='lat' dir='ltr'>saec.</span> <span class='ocrx_word' id='word_1_104' title='bbox 775 1799 831 1862; x_wconf 92' lang='lat' dir='ltr'>lll.</span> <span class='ocrx_word' id='word_1_105' title='bbox 855 1799 1008 1864; x_wconf 93' lang='lat' dir='ltr'>librorum</span> <span class='ocrx_word' id='word_1_106' title='bbox 1031 1799 1069 1863; x_wconf 91' lang='lat' dir='ltr'>N.</span> <span class='ocrx_word' id='word_1_107' title='bbox 1086 1798 1120 1862; x_wconf 90' lang='lat' dir='ltr'>T.</span> <span class='ocrx_word' id='word_1_108' title='bbox 1145 1797 1341 1878; x_wconf 84' lang='lat' dir='ltr'>consignatio</span> 
     </span>
     <span class='ocr_line' id='line_1_14' title="bbox 125 1882 1340 1967; baseline 0 -21"><span class='ocrx_word' id='word_1_109' title='bbox 125 1882 208 1947; x_wconf 89' lang='lat' dir='ltr'>nobis</span> <span class='ocrx_word' id='word_1_110' title='bbox 226 1887 355 1947; x_wconf 89' lang='lat' dir='ltr'>servata</span> <span class='ocrx_word' id='word_1_111' title='bbox 370 1887 433 1962; x_wconf 92' lang='lat' dir='ltr'>est,</span> <span class='ocrx_word' id='word_1_112' title='bbox 450 1888 483 1947; x_wconf 90' lang='lat' dir='ltr'>et</span> <span class='ocrx_word' id='word_1_113' title='bbox 498 1884 626 1964; x_wconf 91' lang='lat' dir='ltr'>quidem</span> <span class='ocrx_word' id='word_1_114' title='bbox 641 1885 682 1948; x_wconf 93' lang='lat' dir='ltr'>ab</span> <span class='ocrx_word' id='word_1_115' title='bbox 700 1886 848 1967; x_wconf 65' lang='lat' dir='ltr'>(lupeno,</span> <span class='ocrx_word' id='word_1_116' title='bbox 865 1885 940 1964; x_wconf 85' lang='lat' dir='ltr'>qui1</span> <span class='ocrx_word' id='word_1_117' title='bbox 955 1884 1059 1948; x_wconf 93' lang='lat' dir='ltr'>homil.</span> <span class='ocrx_word' id='word_1_118' title='bbox 1075 1884 1108 1947; x_wconf 92' lang='lat' dir='ltr'>in</span> <span class='ocrx_word' id='word_1_119' title='bbox 1122 1884 1255 1948; x_wconf 80' lang='lat' dir='ltr'>losuam</span> <span class='ocrx_word' id='word_1_120' title='bbox 1270 1883 1340 1946; x_wconf 90' lang='lat' dir='ltr'>Vll.</span> 
     </span>
     <span class='ocr_line' id='line_1_15' title="bbox 125 1968 1341 2050; baseline -0.003 -17"><span class='ocrx_word' id='word_1_121' title='bbox 125 1968 194 2033; x_wconf 87' lang='lat' dir='ltr'>haec</span> <span class='ocrx_word' id='word_1_122' title='bbox 216 1968 312 2032; x_wconf 90' lang='lat' dir='ltr'>dicit:</span> <span class='ocrx_word' id='word_1_123' title='bbox 393 1969 611 2048; x_wconf 88' lang='lat' dir='ltr'>„Sacerdotali</span> <span class='ocrx_word' id='word_1_124' title='bbox 629 1970 707 2033; x_wconf 90' lang='lat' dir='ltr'>tuba</span> <span class='ocrx_word' id='word_1_125' title='bbox 722 1970 844 2049; x_wconf 90' lang='lat' dir='ltr'>primus</span> <span class='ocrx_word' id='word_1_126' title='bbox 858 1970 891 2032; x_wconf 93' lang='lat' dir='ltr'>in</span> <span class='ocrx_word' id='word_1_127' title='bbox 907 1969 1068 2050; x_wconf 90' lang='lat' dir='ltr'>evangeho</span> <span class='ocrx_word' id='word_1_128' title='bbox 1084 1987 1141 2032; x_wconf 92' lang='lat' dir='ltr'>suo</span> <span class='ocrx_word' id='word_1_129' title='bbox 1158 1968 1341 2032; x_wconf 90' lang='lat' dir='ltr'>Matthaeus</span> 
     </span>
     <span class='ocr_line' id='line_1_16' title="bbox 127 2053 1340 2135; baseline -0.001 -19"><span class='ocrx_word' id='word_1_130' title='bbox 127 2053 294 2134; x_wconf 91' lang='lat' dir='ltr'>increpuit;</span> <span class='ocrx_word' id='word_1_131' title='bbox 317 2054 445 2118; x_wconf 89' lang='lat' dir='ltr'>Marcus</span> <span class='ocrx_word' id='word_1_132' title='bbox 464 2072 592 2135; x_wconf 87' lang='lat' dir='ltr'>quoque</span> <span class='ocrx_word' id='word_1_133' title='bbox 614 2059 647 2119; x_wconf 89' lang='lat' dir='ltr'>et</span> <span class='ocrx_word' id='word_1_134' title='bbox 670 2056 774 2119; x_wconf 92' lang='lat' dir='ltr'>Lucas</span> <span class='ocrx_word' id='word_1_135' title='bbox 795 2059 828 2119; x_wconf 90' lang='lat' dir='ltr'>et</span> <span class='ocrx_word' id='word_1_136' title='bbox 850 2055 989 2119; x_wconf 89' lang='lat' dir='ltr'>Joannes</span> <span class='ocrx_word' id='word_1_137' title='bbox 1012 2054 1079 2118; x_wconf 90' lang='lat' dir='ltr'>suis</span> <span class='ocrx_word' id='word_1_138' title='bbox 1100 2053 1231 2134; x_wconf 86' lang='lat' dir='ltr'>singulis</span> <span class='ocrx_word' id='word_1_139' title='bbox 1253 2053 1340 2116; x_wconf 92' lang='lat' dir='ltr'>tubis</span> 
     </span>
     <span class='ocr_line' id='line_1_17' title="bbox 132 2138 1340 2220; baseline -0.002 -17"><span class='ocrx_word' id='word_1_140' title='bbox 132 2138 372 2204; x_wconf 88' lang='lat' dir='ltr'>sacerdotahbus</span> <span class='ocrx_word' id='word_1_141' title='bbox 388 2139 577 2204; x_wconf 91' lang='lat' dir='ltr'>cecinerunt.</span> <span class='ocrx_word' id='word_1_142' title='bbox 607 2140 723 2204; x_wconf 88' lang='lat' dir='ltr'>Petrus</span> <span class='ocrx_word' id='word_1_143' title='bbox 739 2141 835 2204; x_wconf 91' lang='lat' dir='ltr'>etiam</span> <span class='ocrx_word' id='word_1_144' title='bbox 847 2140 973 2204; x_wconf 90' lang='lat' dir='ltr'>duabus</span> <span class='ocrx_word' id='word_1_145' title='bbox 988 2139 1195 2220; x_wconf 91' lang='lat' dir='ltr'>epistolarum</span> <span class='ocrx_word' id='word_1_146' title='bbox 1210 2157 1340 2202; x_wconf 89' lang='lat' dir='ltr'>suarum</span> 
     </span>
     <span class='ocr_line' id='line_1_18' title="bbox 133 2224 1341 2305; baseline -0.001 -17"><span class='ocrx_word' id='word_1_147' title='bbox 133 2229 271 2302; x_wconf 87' lang='lat' dir='ltr'>personat</span> <span class='ocrx_word' id='word_1_148' title='bbox 285 2225 386 2303; x_wconf 90' lang='lat' dir='ltr'>tubis,</span> <span class='ocrx_word' id='word_1_149' title='bbox 404 2224 545 2289; x_wconf 80' lang='lat' dir='ltr'>lacobus</span> <span class='ocrx_word' id='word_1_150' title='bbox 561 2243 688 2305; x_wconf 91' lang='lat' dir='ltr'>quoque</span> <span class='ocrx_word' id='word_1_151' title='bbox 704 2231 737 2289; x_wconf 91' lang='lat' dir='ltr'>et</span> <span class='ocrx_word' id='word_1_152' title='bbox 751 2225 863 2289; x_wconf 80' lang='lat' dir='ltr'>ludas</span> <span class='ocrx_word' id='word_1_153' title='bbox 906 2225 1006 2288; x_wconf 86' lang='lat' dir='ltr'>Addit</span> <span class='ocrx_word' id='word_1_154' title='bbox 1021 2229 1055 2289; x_wconf 93' lang='lat' dir='ltr'>et</span> <span class='ocrx_word' id='word_1_155' title='bbox 1068 2224 1270 2288; x_wconf 90' lang='lat' dir='ltr'>nihilominus</span> <span class='ocrx_word' id='word_1_156' title='bbox 1285 2224 1305 2287; x_wconf 85' lang='lat' dir='ltr'>J</span> <span class='ocrx_word' id='word_1_157' title='bbox 1308 2243 1341 2287; x_wconf 93' lang='lat' dir='ltr'>o-</span> 
     </span>
     <span class='ocr_line' id='line_1_19' title="bbox 130 2310 1341 2391; baseline 0.002 -20"><span class='ocrx_word' id='word_1_158' title='bbox 130 2328 215 2375; x_wconf 88' lang='lat' dir='ltr'>ames</span> <span class='ocrx_word' id='word_1_159' title='bbox 231 2310 312 2374; x_wconf 91' lang='lat' dir='ltr'>tuba</span> <span class='ocrx_word' id='word_1_160' title='bbox 327 2327 440 2374; x_wconf 87' lang='lat' dir='ltr'>canere</span> <span class='ocrx_word' id='word_1_161' title='bbox 451 2329 509 2391; x_wconf 90' lang='lat' dir='ltr'>per</span> <span class='ocrx_word' id='word_1_162' title='bbox 520 2310 671 2390; x_wconf 90' lang='lat' dir='ltr'>epistolas</span> <span class='ocrx_word' id='word_1_163' title='bbox 684 2329 768 2390; x_wconf 89' lang='lat' dir='ltr'>snas,</span> <span class='ocrx_word' id='word_1_164' title='bbox 781 2315 813 2374; x_wconf 91' lang='lat' dir='ltr'>et</span> <span class='ocrx_word' id='word_1_165' title='bbox 824 2312 928 2374; x_wconf 89' lang='lat' dir='ltr'>Lucas</span> <span class='ocrx_word' id='word_1_166' title='bbox 939 2310 1166 2391; x_wconf 88' lang='lat' dir='ltr'>Apostolorum</span> <span class='ocrx_word' id='word_1_167' title='bbox 1180 2314 1272 2390; x_wconf 90' lang='lat' dir='ltr'>gesta</span> <span class='ocrx_word' id='word_1_168' title='bbox 1287 2310 1341 2373; x_wconf 91' lang='lat' dir='ltr'>de·</span> 
     </span>
     <span class='ocr_line' id='line_1_20' title="bbox 128 2395 1340 2478; baseline 0.001 -22"><span class='ocrx_word' id='word_1_169' title='bbox 128 2396 270 2460; x_wconf 88' lang='lat' dir='ltr'>scribens.</span> <span class='ocrx_word' id='word_1_170' title='bbox 308 2395 487 2460; x_wconf 91' lang='lat' dir='ltr'>Novissime</span> <span class='ocrx_word' id='word_1_171' title='bbox 501 2415 576 2460; x_wconf 91' lang='lat' dir='ltr'>vero</span> <span class='ocrx_word' id='word_1_172' title='bbox 591 2395 645 2461; x_wconf 93' lang='lat' dir='ltr'>ille</span> <span class='ocrx_word' id='word_1_173' title='bbox 660 2395 808 2478; x_wconf 89' lang='lat' dir='ltr'>(Paulus)</span> <span class='ocrx_word' id='word_1_174' title='bbox 823 2397 952 2461; x_wconf 88' lang='lat' dir='ltr'>veniens</span> <span class='ocrx_word' id='word_1_175' title='bbox 967 2433 1007 2439; x_wconf 96' lang='lat'><strong>—</strong></span> <span class='ocrx_word' id='word_1_176' title='bbox 1024 2433 1066 2439; x_wconf 94' lang='lat'><em>-</em></span> <span class='ocrx_word' id='word_1_177' title='bbox 1087 2399 1119 2460; x_wconf 91' lang='lat' dir='ltr'>et</span> <span class='ocrx_word' id='word_1_178' title='bbox 1141 2396 1172 2459; x_wconf 94' lang='lat' dir='ltr'>in</span> <span class='ocrx_word' id='word_1_179' title='bbox 1188 2399 1340 2475; x_wconf 87' lang='lat' dir='ltr'>quatuor·</span> 
     </span>
     <span class='ocr_line' id='line_1_21' title="bbox 126 2480 1340 2561; baseline 0 -18"><span class='ocrx_word' id='word_1_180' title='bbox 126 2480 221 2546; x_wconf 90' lang='lat' dir='ltr'>decim</span> <span class='ocrx_word' id='word_1_181' title='bbox 242 2481 449 2561; x_wconf 89' lang='lat' dir='ltr'>epistolarum</span> <span class='ocrx_word' id='word_1_182' title='bbox 470 2500 599 2545; x_wconf 87' lang='lat' dir='ltr'>suarum</span> <span class='ocrx_word' id='word_1_183' title='bbox 618 2480 787 2545; x_wconf 83' lang='lat' dir='ltr'>fulminans</span> <span class='ocrx_word' id='word_1_184' title='bbox 807 2480 893 2545; x_wconf 92' lang='lat' dir='ltr'>tubis</span> <span class='ocrx_word' id='word_1_185' title='bbox 914 2501 1022 2546; x_wconf 90' lang='lat' dir='ltr'>muros</span> <span class='ocrx_word' id='word_1_186' title='bbox 1039 2481 1168 2545; x_wconf 82' lang='lat' dir='ltr'>Jericho</span> <span class='ocrx_word' id='word_1_187' title='bbox 1184 2485 1217 2544; x_wconf 89' lang='lat' dir='ltr'>et</span> <span class='ocrx_word' id='word_1_188' title='bbox 1232 2499 1340 2544; x_wconf 92' lang='lat' dir='ltr'>omnes</span> 
     </span>
     <span class='ocr_line' id='line_1_22' title="bbox 125 2565 1341 2647; baseline 0.002 -20"><span class='ocrx_word' id='word_1_189' title='bbox 125 2565 320 2632; x_wconf 89' lang='lat' dir='ltr'>idololatriae</span> <span class='ocrx_word' id='word_1_190' title='bbox 340 2567 502 2630; x_wconf 90' lang='lat' dir='ltr'>machinas</span> <span class='ocrx_word' id='word_1_191' title='bbox 517 2601 559 2610; x_wconf 83' lang='lat'>—</span> <span class='ocrx_word' id='word_1_192' title='bbox 578 2585 680 2647; x_wconf 91' lang='lat' dir='ltr'>usque</span> <span class='ocrx_word' id='word_1_193' title='bbox 701 2568 743 2630; x_wconf 92' lang='lat' dir='ltr'>ad</span> <span class='ocrx_word' id='word_1_194' title='bbox 765 2565 971 2631; x_wconf 79' lang='lat' dir='ltr'>fundamenta</span> <span class='ocrx_word' id='word_1_195' title='bbox 986 2566 1130 2647; x_wconf 78' lang='lat' dir='ltr'>dejecit.“</span> <span class='ocrx_word' id='word_1_196' title='bbox 1168 2565 1341 2646; x_wconf 89' lang='lat' dir='ltr'>Catalogus</span> 
     </span>
     <span class='ocr_line' id='line_1_23' title="bbox 125 2650 1342 2733; baseline 0 -19"><span class='ocrx_word' id='word_1_197' title='bbox 125 2651 180 2732; x_wconf 91' lang='lat' dir='ltr'>hic,</span> <span class='ocrx_word' id='word_1_198' title='bbox 206 2653 298 2733; x_wconf 89' lang='lat' dir='ltr'>cujus</span> <span class='ocrx_word' id='word_1_199' title='bbox 318 2652 442 2716; x_wconf 91' lang='lat' dir='ltr'>nonnisi</span> <span class='ocrx_word' id='word_1_200' title='bbox 456 2653 560 2716; x_wconf 89' lang='lat' dir='ltr'>versio</span> <span class='ocrx_word' id='word_1_201' title='bbox 575 2652 674 2715; x_wconf 92' lang='lat' dir='ltr'>latina</span> <span class='ocrx_word' id='word_1_202' title='bbox 695 2651 801 2715; x_wconf 91' lang='lat' dir='ltr'>Rufini</span> <span class='ocrx_word' id='word_1_203' title='bbox 823 2653 865 2715; x_wconf 90' lang='lat' dir='ltr'>ad</span> <span class='ocrx_word' id='word_1_204' title='bbox 884 2671 941 2716; x_wconf 90' lang='lat' dir='ltr'>nos</span> <span class='ocrx_word' id='word_1_205' title='bbox 960 2652 1120 2732; x_wconf 89' lang='lat' dir='ltr'>pervenit,</span> <span class='ocrx_word' id='word_1_206' title='bbox 1137 2650 1342 2715; x_wconf 89' lang='lat' dir='ltr'>confirmatur</span> 
     </span>
     <span class='ocr_line' id='line_1_24' title="bbox 124 2736 1341 2819; baseline 0 -20"><span class='ocrx_word' id='word_1_207' title='bbox 124 2737 188 2818; x_wconf 91' lang='lat' dir='ltr'>alio,</span> <span class='ocrx_word' id='word_1_208' title='bbox 213 2757 309 2819; x_wconf 90' lang='lat' dir='ltr'>quem</span> <span class='ocrx_word' id='word_1_209' title='bbox 330 2737 490 2801; x_wconf 87' lang='lat' dir='ltr'>Eusebius</span> <span class='ocrx_word' id='word_1_210' title='bbox 511 2756 528 2801; x_wconf 93' lang='lat' dir='ltr'>e</span> <span class='ocrx_word' id='word_1_211' title='bbox 549 2737 674 2802; x_wconf 93' lang='lat' dir='ltr'>duobus</span> <span class='ocrx_word' id='word_1_212' title='bbox 691 2737 988 2802; x_wconf 91' lang='lat' dir='ltr'>commentariorum</span> <span class='ocrx_word' id='word_1_213' title='bbox 1004 2738 1072 2818; x_wconf 89' lang='lat' dir='ltr'>ejus</span> <span class='ocrx_word' id='word_1_214' title='bbox 1086 2737 1173 2817; x_wconf 91' lang='lat' dir='ltr'>locis,</span> <span class='ocrx_word' id='word_1_215' title='bbox 1193 2736 1341 2818; x_wconf 86' lang='lat' dir='ltr'>nimirum</span> 
     </span>
     <span class='ocr_line' id='line_1_25' title="bbox 125 2822 1341 2902; baseline 0 -17"><span class='ocrx_word' id='word_1_216' title='bbox 125 2842 138 2885; x_wconf 92' lang='lat' dir='ltr'>e</span> <span class='ocrx_word' id='word_1_217' title='bbox 152 2829 227 2889; x_wconf 86' lang='lat' dir='ltr'>tom.</span> <span class='ocrx_word' id='word_1_218' title='bbox 248 2824 272 2886; x_wconf 93' lang='lat' dir='ltr'>I.</span> <span class='ocrx_word' id='word_1_219' title='bbox 295 2823 328 2886; x_wconf 94' lang='lat' dir='ltr'>in</span> <span class='ocrx_word' id='word_1_220' title='bbox 343 2823 456 2886; x_wconf 87' lang='lat' dir='ltr'>Matth.</span> <span class='ocrx_word' id='word_1_221' title='bbox 473 2825 505 2886; x_wconf 89' lang='lat' dir='ltr'>et</span> <span class='ocrx_word' id='word_1_222' title='bbox 520 2842 538 2887; x_wconf 90' lang='lat' dir='ltr'>e</span> <span class='ocrx_word' id='word_1_223' title='bbox 552 2828 638 2887; x_wconf 88' lang='lat' dir='ltr'>tomo</span> <span class='ocrx_word' id='word_1_224' title='bbox 654 2823 691 2886; x_wconf 90' lang='lat' dir='ltr'>V.</span> <span class='ocrx_word' id='word_1_225' title='bbox 713 2823 746 2886; x_wconf 94' lang='lat' dir='ltr'>in</span> <span class='ocrx_word' id='word_1_226' title='bbox 761 2823 931 2902; x_wconf 80' lang='lat' dir='ltr'>loannem,</span> <span class='ocrx_word' id='word_1_227' title='bbox 952 2823 1157 2887; x_wconf 87' lang='lat' dir='ltr'>concinnavit.</span> <span class='ocrx_word' id='word_1_228' title='bbox 1187 2823 1224 2885; x_wconf 96' lang='lat' dir='ltr'>ln</span> <span class='ocrx_word' id='word_1_229' title='bbox 1239 2822 1341 2902; x_wconf 91' lang='lat' dir='ltr'>primo</span> 
     </span>
     <span class='ocr_line' id='line_1_26' title="bbox 122 2906 1341 2988; baseline -0.002 -16"><span class='ocrx_word' id='word_1_230' title='bbox 122 2909 180 2986; x_wconf 82' lang='lat' dir='ltr'>J&#39;am</span> <span class='ocrx_word' id='word_1_231' title='bbox 207 2908 289 2972; x_wconf 93' lang='lat' dir='ltr'>libro</span> <span class='ocrx_word' id='word_1_232' title='bbox 312 2907 544 2988; x_wconf 84' lang='lat' dir='ltr'>expositionum</span> <span class='ocrx_word' id='word_1_233' title='bbox 569 2907 601 2970; x_wconf 94' lang='lat' dir='ltr'>in</span> <span class='ocrx_word' id='word_1_234' title='bbox 624 2927 733 2988; x_wconf 82' lang='lat' dir='ltr'>evang.</span> <span class='ocrx_word' id='word_1_235' title='bbox 756 2907 928 2986; x_wconf 84' lang='lat' dir='ltr'>Matthaei,</span> <span class='ocrx_word' id='word_1_236' title='bbox 956 2906 1170 2971; x_wconf 89' lang='lat' dir='ltr'>ecclesiastico</span> <span class='ocrx_word' id='word_1_237' title='bbox 1190 2907 1341 2970; x_wconf 88' lang='lat' dir='ltr'>insistens</span> 
     </span>
     <span class='ocr_line' id='line_1_27' title="bbox 125 2990 1341 3074; baseline -0.003 -18"><span class='ocrx_word' id='word_1_238' title='bbox 125 2994 245 3073; x_wconf 89' lang='lat' dir='ltr'>canoni,</span> <span class='ocrx_word' id='word_1_239' title='bbox 267 2997 406 3074; x_wconf 87' lang='lat' dir='ltr'>quatuor</span> <span class='ocrx_word' id='word_1_240' title='bbox 421 2993 576 3056; x_wconf 91' lang='lat' dir='ltr'>duntaxat</span> <span class='ocrx_word' id='word_1_241' title='bbox 592 2992 755 3073; x_wconf 89' lang='lat' dir='ltr'>evangelia</span> <span class='ocrx_word' id='word_1_242' title='bbox 775 3011 846 3056; x_wconf 90' lang='lat' dir='ltr'>esse</span> <span class='ocrx_word' id='word_1_243' title='bbox 865 2996 1005 3056; x_wconf 88' lang='lat' dir='ltr'>testatur</span> <span class='ocrx_word' id='word_1_244' title='bbox 1024 2992 1074 3055; x_wconf 89' lang='lat' dir='ltr'>his</span> <span class='ocrx_word' id='word_1_245' title='bbox 1089 2990 1208 3055; x_wconf 91' lang='lat' dir='ltr'>verbis:</span> <span class='ocrx_word' id='word_1_246' title='bbox 1231 2991 1341 3069; x_wconf 84' lang='lat' dir='ltr'>„Sicut</span> 
     </span>
     <span class='ocr_line' id='line_1_28' title="bbox 124 3075 1340 3158; baseline -0.002 -17"><span class='ocrx_word' id='word_1_247' title='bbox 124 3097 157 3142; x_wconf 92' lang='lat' dir='ltr'>ex</span> <span class='ocrx_word' id='word_1_248' title='bbox 170 3079 345 3143; x_wconf 87' lang='lat' dir='ltr'>traditione</span> <span class='ocrx_word' id='word_1_249' title='bbox 360 3079 468 3158; x_wconf 90' lang='lat' dir='ltr'>accepi</span> <span class='ocrx_word' id='word_1_250' title='bbox 484 3078 524 3142; x_wconf 92' lang='lat' dir='ltr'>de</span> <span class='ocrx_word' id='word_1_251' title='bbox 540 3082 677 3158; x_wconf 89' lang='lat' dir='ltr'>quatuor</span> <span class='ocrx_word' id='word_1_252' title='bbox 693 3077 874 3158; x_wconf 89' lang='lat' dir='ltr'>evangeliis,</span> <span class='ocrx_word' id='word_1_253' title='bbox 890 3096 973 3158; x_wconf 86' lang='lat' dir='ltr'>quae</span> <span class='ocrx_word' id='word_1_254' title='bbox 988 3076 1056 3142; x_wconf 92' lang='lat' dir='ltr'>sola</span> <span class='ocrx_word' id='word_1_255' title='bbox 1070 3076 1102 3140; x_wconf 95' lang='lat' dir='ltr'>in</span> <span class='ocrx_word' id='word_1_256' title='bbox 1116 3075 1265 3140; x_wconf 90' lang='lat' dir='ltr'>universa</span> <span class='ocrx_word' id='word_1_257' title='bbox 1280 3075 1340 3139; x_wconf 90' lang='lat' dir='ltr'>Dei</span> 
     </span>
     <span class='ocr_line' id='line_1_29' title="bbox 125 3161 1341 3244; baseline -0.004 -15"><span class='ocrx_word' id='word_1_258' title='bbox 125 3165 270 3244; x_wconf 87' lang='lat' dir='ltr'>ecclesia,</span> <span class='ocrx_word' id='word_1_259' title='bbox 297 3183 380 3244; x_wconf 92' lang='lat' dir='ltr'>quae</span> <span class='ocrx_word' id='word_1_260' title='bbox 409 3163 468 3227; x_wconf 93' lang='lat' dir='ltr'>sub</span> <span class='ocrx_word' id='word_1_261' title='bbox 496 3163 583 3228; x_wconf 90' lang='lat' dir='ltr'>coelo</span> <span class='ocrx_word' id='word_1_262' title='bbox 611 3168 676 3242; x_wconf 85' lang='lat' dir='ltr'>est,</span> <span class='ocrx_word' id='word_1_263' title='bbox 706 3163 786 3227; x_wconf 89' lang='lat' dir='ltr'>citra</span> <span class='ocrx_word' id='word_1_264' title='bbox 817 3163 1064 3227; x_wconf 92' lang='lat' dir='ltr'>controversiam</span> <span class='ocrx_word' id='word_1_265' title='bbox 1093 3161 1341 3226; x_wconf 82' lang='lat' dir='ltr'>admittuntur“:</span> 
     </span>
     <span class='ocr_line' id='line_1_30' title="bbox 125 3249 925 3328; baseline -0.003 -14"><span class='ocrx_word' id='word_1_266' title='bbox 125 3249 285 3328; x_wconf 87' lang='lat' dir='ltr'>Matthaei,</span> <span class='ocrx_word' id='word_1_267' title='bbox 302 3285 344 3292; x_wconf 95' lang='lat'><strong>—</strong></span> <span class='ocrx_word' id='word_1_268' title='bbox 358 3249 469 3328; x_wconf 92' lang='lat' dir='ltr'>Marci,</span> <span class='ocrx_word' id='word_1_269' title='bbox 484 3250 648 3313; x_wconf 88' lang='lat' dir='ltr'>—Lucae</span> <span class='ocrx_word' id='word_1_270' title='bbox 662 3285 706 3292; x_wconf 91' lang='lat'><em>-</em></span> <span class='ocrx_word' id='word_1_271' title='bbox 721 3254 754 3313; x_wconf 92' lang='lat' dir='ltr'>et</span> <span class='ocrx_word' id='word_1_272' title='bbox 768 3249 925 3313; x_wconf 61' lang='lat' dir='ltr'>tloannis.l</span> 
     </span>
    </p>

    <p class='ocr_par' dir='ltr' id='par_1_6' title="bbox 124 3331 1340 3758">
     <span class='ocr_line' id='line_1_31' title="bbox 203 3331 1340 3416; baseline -0.004 -17"><span class='ocrx_word' id='word_1_273' title='bbox 203 3336 240 3399; x_wconf 94' lang='lat' dir='ltr'>In</span> <span class='ocrx_word' id='word_1_274' title='bbox 263 3335 365 3399; x_wconf 90' lang='lat' dir='ltr'>altero</span> <span class='ocrx_word' id='word_1_275' title='bbox 384 3335 454 3398; x_wconf 92' lang='lat' dir='ltr'>loco</span> <span class='ocrx_word' id='word_1_276' title='bbox 475 3333 542 3414; x_wconf 86' lang='lat' dir='ltr'>(lib.</span> <span class='ocrx_word' id='word_1_277' title='bbox 559 3334 595 3398; x_wconf 86' lang='lat' dir='ltr'>V.</span> <span class='ocrx_word' id='word_1_278' title='bbox 620 3334 752 3416; x_wconf 89' lang='lat' dir='ltr'>exposit.</span> <span class='ocrx_word' id='word_1_279' title='bbox 775 3334 808 3398; x_wconf 94' lang='lat' dir='ltr'>in</span> <span class='ocrx_word' id='word_1_280' title='bbox 830 3353 939 3416; x_wconf 89' lang='lat' dir='ltr'>evang.</span> <span class='ocrx_word' id='word_1_281' title='bbox 963 3333 1111 3414; x_wconf 80' lang='lat' dir='ltr'>loannis)</span> <span class='ocrx_word' id='word_1_282' title='bbox 1131 3331 1285 3413; x_wconf 88' lang='lat' dir='ltr'>Origenes</span> <span class='ocrx_word' id='word_1_283' title='bbox 1300 3332 1340 3394; x_wconf 93' lang='lat' dir='ltr'>de</span> 
     </span>
     <span class='ocr_line' id='line_1_32' title="bbox 125 3417 1339 3502; baseline -0.005 -18"><span class='ocrx_word' id='word_1_284' title='bbox 125 3421 264 3502; x_wconf 88' lang='lat' dir='ltr'>epistolis</span> <span class='ocrx_word' id='word_1_285' title='bbox 287 3439 311 3485; x_wconf 87' lang='lat' dir='ltr'>s.</span> <span class='ocrx_word' id='word_1_286' title='bbox 328 3419 419 3483; x_wconf 89' lang='lat' dir='ltr'>Pauli</span> <span class='ocrx_word' id='word_1_287' title='bbox 442 3419 474 3482; x_wconf 94' lang='lat' dir='ltr'>in</span> <span class='ocrx_word' id='word_1_288' title='bbox 494 3439 611 3500; x_wconf 88' lang='lat' dir='ltr'>genere</span> <span class='ocrx_word' id='word_1_289' title='bbox 626 3424 752 3484; x_wconf 89' lang='lat' dir='ltr'>tantum</span> <span class='ocrx_word' id='word_1_290' title='bbox 767 3438 944 3484; x_wconf 90' lang='lat' dir='ltr'>sermonem</span> <span class='ocrx_word' id='word_1_291' title='bbox 959 3417 1067 3497; x_wconf 75' lang='lat' dir='ltr'>iacit33</span> <span class='ocrx_word' id='word_1_292' title='bbox 1090 3422 1141 3482; x_wconf 90' lang='lat' dir='ltr'>ast</span> <span class='ocrx_word' id='word_1_293' title='bbox 1159 3417 1192 3480; x_wconf 93' lang='lat' dir='ltr'>in</span> <span class='ocrx_word' id='word_1_294' title='bbox 1213 3417 1266 3480; x_wconf 92' lang='lat' dir='ltr'>lib.</span> <span class='ocrx_word' id='word_1_295' title='bbox 1282 3417 1339 3479; x_wconf 88' lang='lat' dir='ltr'>lll.</span> 
     </span>
     <span class='ocr_line' id='line_1_33' title="bbox 124 3501 1340 3585; baseline -0.002 -17"><span class='ocrx_word' id='word_1_296' title='bbox 124 3507 170 3571; x_wconf 74' lang='lat'>20.</span> <span class='ocrx_word' id='word_1_297' title='bbox 186 3510 297 3571; x_wconf 91' lang='lat' dir='ltr'>contra</span> <span class='ocrx_word' id='word_1_298' title='bbox 313 3504 440 3570; x_wconf 85' lang='lat' dir='ltr'>Celsum</span> <span class='ocrx_word' id='word_1_299' title='bbox 456 3505 608 3585; x_wconf 89' lang='lat' dir='ltr'>epistolas</span> <span class='ocrx_word' id='word_1_300' title='bbox 629 3506 670 3568; x_wconf 92' lang='lat' dir='ltr'>ad</span> <span class='ocrx_word' id='word_1_301' title='bbox 688 3504 780 3585; x_wconf 81' lang='lat' dir='ltr'>Eph,</span> <span class='ocrx_word' id='word_1_302' title='bbox 802 3505 931 3583; x_wconf 81' lang='lat' dir='ltr'>Coloss,</span> <span class='ocrx_word' id='word_1_303' title='bbox 954 3505 1075 3582; x_wconf 82' lang='lat' dir='ltr'>Thess,</span> <span class='ocrx_word' id='word_1_304' title='bbox 1095 3501 1209 3583; x_wconf 93' lang='lat' dir='ltr'>Philip.</span> <span class='ocrx_word' id='word_1_305' title='bbox 1226 3506 1259 3566; x_wconf 92' lang='lat' dir='ltr'>et</span> <span class='ocrx_word' id='word_1_306' title='bbox 1278 3503 1340 3566; x_wconf 92' lang='lat' dir='ltr'>Ro-</span> 
     </span>
     <span class='ocr_line' id='line_1_34' title="bbox 124 3587 1340 3671; baseline -0.003 -17"><span class='ocrx_word' id='word_1_307' title='bbox 124 3610 229 3656; x_wconf 90' lang='lat' dir='ltr'>manos</span> <span class='ocrx_word' id='word_1_308' title='bbox 244 3592 395 3669; x_wconf 91' lang='lat' dir='ltr'>nominat,</span> <span class='ocrx_word' id='word_1_309' title='bbox 412 3594 445 3654; x_wconf 90' lang='lat' dir='ltr'>et</span> <span class='ocrx_word' id='word_1_310' title='bbox 459 3589 491 3653; x_wconf 92' lang='lat' dir='ltr'>in</span> <span class='ocrx_word' id='word_1_311' title='bbox 506 3591 577 3654; x_wconf 92' lang='lat' dir='ltr'>aliis</span> <span class='ocrx_word' id='word_1_312' title='bbox 593 3590 742 3671; x_wconf 90' lang='lat' dir='ltr'>operibus</span> <span class='ocrx_word' id='word_1_313' title='bbox 758 3608 866 3655; x_wconf 93' lang='lat' dir='ltr'>omnes</span> <span class='ocrx_word' id='word_1_314' title='bbox 882 3589 1123 3669; x_wconf 88' lang='lat' dir='ltr'>quatuordecim</span> <span class='ocrx_word' id='word_1_315' title='bbox 1139 3588 1231 3668; x_wconf 88' lang='lat' dir='ltr'>citat,</span> <span class='ocrx_word' id='word_1_316' title='bbox 1254 3593 1288 3652; x_wconf 88' lang='lat' dir='ltr'>ct</span> <span class='ocrx_word' id='word_1_317' title='bbox 1308 3587 1340 3650; x_wconf 93' lang='lat' dir='ltr'>in</span> 
     </span>
     <span class='ocr_line' id='line_1_35' title="bbox 124 3675 888 3758; baseline 0 -20"><span class='ocrx_word' id='word_1_318' title='bbox 124 3678 224 3756; x_wconf 89' lang='lat' dir='ltr'>specie</span> <span class='ocrx_word' id='word_1_319' title='bbox 241 3697 289 3758; x_wconf 91' lang='lat' dir='ltr'>ep.</span> <span class='ocrx_word' id='word_1_320' title='bbox 306 3677 349 3740; x_wconf 93' lang='lat' dir='ltr'>ad</span> <span class='ocrx_word' id='word_1_321' title='bbox 363 3675 529 3739; x_wconf 87' lang='lat' dir='ltr'>Hebraeos</span> <span class='ocrx_word' id='word_1_322' title='bbox 544 3676 705 3758; x_wconf 91' lang='lat' dir='ltr'>paulinam</span> <span class='ocrx_word' id='word_1_323' title='bbox 720 3675 888 3756; x_wconf 70' lang='lat' dir='ltr'>agnoscit.⁴</span> 
     </span>
    </p>

    <p class='ocr_par' dir='ltr' id='par_1_7' title="bbox 125 3757 1341 3928">
     <span class='ocr_line' id='line_1_36' title="bbox 164 3757 1341 3845; baseline -0.003 -19"><span class='ocrx_word' id='word_1_324' title='bbox 164 3763 253 3840; x_wconf 59' lang='lat' dir='ltr'>ffiDe</span> <span class='ocrx_word' id='word_1_325' title='bbox 269 3761 413 3845; x_wconf 90' lang='lat' dir='ltr'>epistolis</span> <span class='ocrx_word' id='word_1_326' title='bbox 428 3761 509 3824; x_wconf 88' lang='lat' dir='ltr'>cath.</span> <span class='ocrx_word' id='word_1_327' title='bbox 526 3761 617 3826; x_wconf 91' lang='lat' dir='ltr'>dicit:</span> <span class='ocrx_word' id='word_1_328' title='bbox 639 3760 776 3841; x_wconf 87' lang='lat' dir='ltr'>„Petrus</span> <span class='ocrx_word' id='word_1_329' title='bbox 790 3766 911 3839; x_wconf 87' lang='lat' dir='ltr'>autem,</span> <span class='ocrx_word' id='word_1_330' title='bbox 928 3759 979 3823; x_wconf 92' lang='lat' dir='ltr'>cui</span> <span class='ocrx_word' id='word_1_331' title='bbox 994 3777 1052 3823; x_wconf 89' lang='lat' dir='ltr'>ceu</span> <span class='ocrx_word' id='word_1_332' title='bbox 1067 3757 1272 3824; x_wconf 89' lang='lat' dir='ltr'>fundamento</span> <span class='ocrx_word' id='word_1_333' title='bbox 1288 3777 1341 3822; x_wconf 88' lang='lat' dir='ltr'>su·</span> 
     </span>
     <span class='ocr_line' id='line_1_37' title="bbox 125 3844 1341 3928; baseline -0.003 -16"><span class='ocrx_word' id='word_1_334' title='bbox 125 3849 315 3926; x_wconf 88' lang='lat' dir='ltr'>perstruitur</span> <span class='ocrx_word' id='word_1_335' title='bbox 339 3846 472 3912; x_wconf 87' lang='lat' dir='ltr'>ecclesia</span> <span class='ocrx_word' id='word_1_336' title='bbox 496 3845 628 3928; x_wconf 88' lang='lat' dir='ltr'>Christi,</span> <span class='ocrx_word' id='word_1_337' title='bbox 651 3882 694 3891; x_wconf 94' lang='lat'><em>-</em></span> <span class='ocrx_word' id='word_1_338' title='bbox 721 3866 817 3911; x_wconf 91' lang='lat' dir='ltr'>unam</span> <span class='ocrx_word' id='word_1_339' title='bbox 845 3847 1000 3910; x_wconf 88' lang='lat' dir='ltr'>duntaxat</span> <span class='ocrx_word' id='word_1_340' title='bbox 1022 3844 1162 3910; x_wconf 91' lang='lat' dir='ltr'>onmium</span> <span class='ocrx_word' id='word_1_341' title='bbox 1186 3863 1341 3910; x_wconf 92' lang='lat' dir='ltr'>consensu</span> 
     </span>
    </p>
   </div>
   <div class='ocr_carea' id='block_1_6' title="bbox 126 4000 1353 4783">
    <p class='ocr_par' dir='ltr' id='par_1_8' title="bbox 126 4000 1353 4458">
     <span class='ocr_line' id='line_1_38' title="bbox 193 4000 1341 4117; baseline -0.003 -30"><span class='ocrx_word' id='word_1_342' title='bbox 193 4036 201 4069; x_wconf 91' lang='lat'><strong>¹</strong></span> <span class='ocrx_word' id='word_1_343' title='bbox 217 4033 316 4117; x_wconf 68' lang='lat' dir='ltr'>lluseb.</span> <span class='ocrx_word' id='word_1_344' title='bbox 328 4030 391 4115; x_wconf 70' lang='lat' dir='ltr'>hist.</span> <span class='ocrx_word' id='word_1_345' title='bbox 404 4028 468 4083; x_wconf 83' lang='lat' dir='ltr'>eccl.</span> <span class='ocrx_word' id='word_1_346' title='bbox 481 4029 527 4084; x_wconf 84' lang='lat' dir='ltr'>VI.</span> <span class='ocrx_word' id='word_1_347' title='bbox 539 4030 581 4084; x_wconf 82' lang='lat'>25.</span> <span class='ocrx_word' id='word_1_348' title='bbox 595 4029 645 4086; x_wconf 87' lang='grc' dir='ltr'>τὸν</span> <span class='ocrx_word' id='word_1_349' title='bbox 658 4000 885 4100; x_wconf 75' lang='grc' dir='ltr'><strong><em>ἐκκλησιαστικὸν</em></strong></span> <span class='ocrx_word' id='word_1_350' title='bbox 898 4028 1047 4098; x_wconf 80' lang='grc' dir='ltr'><strong><em>φυλάττων</em></strong></span> <span class='ocrx_word' id='word_1_351' title='bbox 1058 4027 1162 4085; x_wconf 81' lang='grc' dir='ltr'><strong><em>κανόνα</em></strong></span> <span class='ocrx_word' id='word_1_352' title='bbox 1173 4061 1205 4070; x_wconf 93' lang='grc'>-</span> <span class='ocrx_word' id='word_1_353' title='bbox 1218 4061 1247 4068; x_wconf 99' lang='grc'>-</span> <span class='ocrx_word' id='word_1_354' title='bbox 1262 4028 1298 4091; x_wconf 83' lang='grc' dir='ltr'>ὡς</span> <span class='ocrx_word' id='word_1_355' title='bbox 1311 4030 1341 4084; x_wconf 80' lang='grc' dir='ltr'>ἐν</span> 
     </span>
     <span class='ocr_line' id='line_1_39' title="bbox 127 4103 1353 4237; baseline -0.004 -14"><span class='ocrx_word' id='word_1_356' title='bbox 127 4103 520 4223; x_wconf 37' lang='grc' dir='ltr'>παρίξδέἐέόθλόόέἐίἵόέθσσλ.νῖ.</span> <span class='ocrx_word' id='word_1_357' title='bbox 530 4166 572 4220; x_wconf 78' lang='grc'>25.</span> <span class='ocrx_word' id='word_1_358' title='bbox 582 4163 630 4222; x_wconf 87' lang='grc' dir='ltr'>Ἐν</span> <span class='ocrx_word' id='word_1_359' title='bbox 642 4167 674 4221; x_wconf 79' lang='grc' dir='ltr'>δὲ</span> <span class='ocrx_word' id='word_1_360' title='bbox 683 4171 724 4236; x_wconf 81' lang='grc' dir='ltr'>τῴ</span> <span class='ocrx_word' id='word_1_361' title='bbox 735 4165 838 4237; x_wconf 81' lang='grc' dir='ltr'><em>πρώτῳ</em></span> <span class='ocrx_word' id='word_1_362' title='bbox 852 4168 907 4222; x_wconf 81' lang='grc' dir='ltr'>τῶν</span> <span class='ocrx_word' id='word_1_363' title='bbox 919 4171 958 4226; x_wconf 75' lang='grc' dir='ltr'>εἰς</span> <span class='ocrx_word' id='word_1_364' title='bbox 970 4164 1002 4219; x_wconf 84' lang='grc' dir='ltr'>τὸ</span> <span class='ocrx_word' id='word_1_365' title='bbox 1014 4165 1084 4220; x_wconf 82' lang='grc' dir='ltr'><strong><em>κατὰ</em></strong></span> <span class='ocrx_word' id='word_1_366' title='bbox 1091 4174 1247 4222; x_wconf 61' lang='lat' dir='ltr'>Mandalos!</span> <span class='ocrx_word' id='word_1_367' title='bbox 1259 4164 1339 4236; x_wconf 78' lang='grc' dir='ltr'><strong><em>εὐαγ-</em></strong></span> <span class='ocrx_word' id='word_1_368' title='bbox 1352 4225 1353 4228; x_wconf 10' lang='lat'>¹</span> 
     </span>
     <span class='ocr_line' id='line_1_40' title="bbox 127 4233 1340 4307; baseline -0.003 -18"><span class='ocrx_word' id='word_1_369' title='bbox 127 4241 228 4306; x_wconf 76' lang='grc' dir='ltr'><strong><em>γέλιον,</em></strong></span> <span class='ocrx_word' id='word_1_370' title='bbox 250 4237 302 4295; x_wconf 89' lang='grc' dir='ltr'>τόν</span> <span class='ocrx_word' id='word_1_371' title='bbox 319 4233 545 4306; x_wconf 68' lang='grc' dir='ltr'><strong><em>ἐκκλησιαστικὸν</em></strong></span> <span class='ocrx_word' id='word_1_372' title='bbox 557 4233 706 4306; x_wconf 78' lang='grc' dir='ltr'><strong><em>φυλάττων</em></strong></span> <span class='ocrx_word' id='word_1_373' title='bbox 722 4235 838 4298; x_wconf 83' lang='grc' dir='ltr'><strong><em>κανόνα,</em></strong></span> <span class='ocrx_word' id='word_1_374' title='bbox 859 4235 934 4307; x_wconf 84' lang='grc' dir='ltr'><strong><em>μόνα</em></strong></span> <span class='ocrx_word' id='word_1_375' title='bbox 947 4239 1067 4304; x_wconf 75' lang='grc' dir='ltr'><strong><em>τέσσαρα</em></strong></span> <span class='ocrx_word' id='word_1_376' title='bbox 1079 4236 1181 4290; x_wconf 72' lang='grc' dir='ltr'><strong><em>εἰδέναι</em></strong></span> <span class='ocrx_word' id='word_1_377' title='bbox 1195 4234 1340 4304; x_wconf 77' lang='grc' dir='ltr'><strong><em>εὐαγγέλια</em></strong></span> 
     </span>
     <span class='ocr_line' id='line_1_41' title="bbox 126 4297 1339 4378; baseline -0.002 -21"><span class='ocrx_word' id='word_1_378' title='bbox 126 4304 298 4378; x_wconf 79' lang='grc' dir='ltr'><strong><em>μαρτύρεται,</em></strong></span> <span class='ocrx_word' id='word_1_379' title='bbox 312 4297 367 4362; x_wconf 82' lang='grc' dir='ltr'>ὧδε</span> <span class='ocrx_word' id='word_1_380' title='bbox 380 4325 440 4364; x_wconf 84' lang='grc' dir='ltr'>πως</span> <span class='ocrx_word' id='word_1_381' title='bbox 451 4300 577 4374; x_wconf 73' lang='grc' dir='ltr'><strong><em>γράφων,</em></strong></span> <span class='ocrx_word' id='word_1_382' title='bbox 595 4303 632 4364; x_wconf 79' lang='grc' dir='ltr'>ὥς</span> <span class='ocrx_word' id='word_1_383' title='bbox 644 4304 674 4357; x_wconf 88' lang='grc' dir='ltr'>ἐν</span> <span class='ocrx_word' id='word_1_384' title='bbox 686 4302 840 4374; x_wconf 83' lang='grc' dir='ltr'><strong><em>παραδόσει.</em></strong></span> <span class='ocrx_word' id='word_1_385' title='bbox 852 4301 955 4375; x_wconf 72' lang='grc' dir='ltr'><strong><em>μαθὼν</em></strong></span> <span class='ocrx_word' id='word_1_386' title='bbox 964 4307 1030 4371; x_wconf 84' lang='grc' dir='ltr'>περὶ</span> <span class='ocrx_word' id='word_1_387' title='bbox 1040 4304 1096 4358; x_wconf 79' lang='grc' dir='ltr'>τῶν</span> <span class='ocrx_word' id='word_1_388' title='bbox 1106 4301 1248 4374; x_wconf 85' lang='grc' dir='ltr'><strong><em>τεσσάρων</em></strong></span> <span class='ocrx_word' id='word_1_389' title='bbox 1258 4301 1339 4372; x_wconf 80' lang='grc' dir='ltr'><strong><em>εὐαγ-</em></strong></span> 
     </span>
     <span class='ocr_line' id='line_1_42' title="bbox 127 4368 1339 4458; baseline -0.004 -32"><span class='ocrx_word' id='word_1_390' title='bbox 127 4379 229 4442; x_wconf 83' lang='grc' dir='ltr'><strong><em>γελίων,</em></strong></span> <span class='ocrx_word' id='word_1_391' title='bbox 241 4374 256 4428; x_wconf 78' lang='grc' dir='ltr'><em>ἃ</em></span> <span class='ocrx_word' id='word_1_392' title='bbox 267 4379 313 4456; x_wconf 71' lang='grc' dir='ltr'>καὶ</span> <span class='ocrx_word' id='word_1_393' title='bbox 324 4371 400 4458; x_wconf 72' lang='grc' dir='ltr'><strong><em>μόνα</em></strong></span> <span class='ocrx_word' id='word_1_394' title='bbox 412 4368 598 4457; x_wconf 67' lang='grc' dir='ltr'><strong><em>ἀναντιῤῥρτό</em></strong></span> <span class='ocrx_word' id='word_1_395' title='bbox 608 4373 686 4457; x_wconf 73' lang='grc' dir='ltr'><strong><em>ἐστιν</em></strong></span> <span class='ocrx_word' id='word_1_396' title='bbox 698 4373 728 4425; x_wconf 86' lang='grc' dir='ltr'>ἐν</span> <span class='ocrx_word' id='word_1_397' title='bbox 742 4373 775 4444; x_wconf 76' lang='grc' dir='ltr'>τῇ</span> <span class='ocrx_word' id='word_1_398' title='bbox 787 4370 844 4456; x_wconf 64' lang='grc' dir='ltr'>ὑπό</span> <span class='ocrx_word' id='word_1_399' title='bbox 858 4369 909 4456; x_wconf 69' lang='grc' dir='ltr'>τόν</span> <span class='ocrx_word' id='word_1_400' title='bbox 922 4368 1188 4454; x_wconf 26' lang='grc' dir='ltr'><strong><em>οὐρανόνῖἐκκλησίᾳι</em></strong></span> <span class='ocrx_word' id='word_1_401' title='bbox 1197 4373 1249 4424; x_wconf 83' lang='grc' dir='ltr'>τοῦ</span> <span class='ocrx_word' id='word_1_402' title='bbox 1261 4372 1339 4424; x_wconf 72' lang='grc' dir='ltr'>θεοῦ.</span> 
     </span>
    </p>

    <p class='ocr_par' dir='ltr' id='par_1_9' title="bbox 130 4442 1339 4712">
     <span class='ocr_line' id='line_1_43' title="bbox 194 4442 1339 4514; baseline -0.006 -17"><span class='ocrx_word' id='word_1_403' title='bbox 194 4443 340 4508; x_wconf 71' lang='grc' dir='ltr'>8Παυλος,</span> <span class='ocrx_word' id='word_1_404' title='bbox 360 4463 375 4495; x_wconf 92' lang='grc' dir='ltr'>ο</span> <span class='ocrx_word' id='word_1_405' title='bbox 394 4444 583 4512; x_wconf 82' lang='grc' dir='ltr'><strong><em>πεπληρωκως</em></strong></span> <span class='ocrx_word' id='word_1_406' title='bbox 601 4460 633 4493; x_wconf 91' lang='grc' dir='ltr'>το</span> <span class='ocrx_word' id='word_1_407' title='bbox 651 4444 811 4514; x_wconf 73' lang='grc' dir='ltr'><strong><em>ευαγγέλιον</em></strong></span> <span class='ocrx_word' id='word_1_408' title='bbox 828 4460 885 4493; x_wconf 83' lang='lat' dir='ltr'>uno</span> <span class='ocrx_word' id='word_1_409' title='bbox 909 4443 1080 4512; x_wconf 79' lang='grc' dir='ltr'><strong><em>Ιερουσαλημ</em></strong></span> <span class='ocrx_word' id='word_1_410' title='bbox 1098 4443 1144 4492; x_wconf 88' lang='grc' dir='ltr'>καὶ</span> <span class='ocrx_word' id='word_1_411' title='bbox 1155 4442 1244 4512; x_wconf 67' lang='lat' dir='ltr'>analeo</span> <span class='ocrx_word' id='word_1_412' title='bbox 1257 4442 1339 4510; x_wconf 77' lang='grc' dir='ltr'><strong><em>μέχρι</em></strong></span> 
     </span>
     <span class='ocr_line' id='line_1_44' title="bbox 130 4504 1339 4584; baseline -0.001 -23"><span class='ocrx_word' id='word_1_413' title='bbox 130 4509 178 4562; x_wconf 84' lang='grc' dir='ltr'>τοῦ</span> <span class='ocrx_word' id='word_1_414' title='bbox 185 4508 337 4584; x_wconf 74' lang='grc' dir='ltr'><strong><em>Ἰλλυρικοῦ,</em></strong></span> <span class='ocrx_word' id='word_1_415' title='bbox 347 4508 412 4564; x_wconf 77' lang='grc' dir='ltr'><strong><em>οὐδὲ</em></strong></span> <span class='ocrx_word' id='word_1_416' title='bbox 421 4507 525 4570; x_wconf 82' lang='grc' dir='ltr'><strong><em>πάσαις</em></strong></span> <span class='ocrx_word' id='word_1_417' title='bbox 533 4508 656 4581; x_wconf 77' lang='grc' dir='ltr'><strong><em>ἔγραψεν</em></strong></span> <span class='ocrx_word' id='word_1_418' title='bbox 665 4515 710 4568; x_wconf 85' lang='grc' dir='ltr'>αἱς</span> <span class='ocrx_word' id='word_1_419' title='bbox 719 4509 848 4569; x_wconf 83' lang='grc' dir='ltr'><strong><em>ἐδίδαξαν</em></strong></span> <span class='ocrx_word' id='word_1_420' title='bbox 857 4509 1020 4577; x_wconf 74' lang='grc' dir='ltr'><strong><em>ἐκκλησίαις·</em></strong></span> <span class='ocrx_word' id='word_1_421' title='bbox 1030 4504 1097 4560; x_wconf 78' lang='grc' dir='ltr'><strong><em>ἀλλὰ</em></strong></span> <span class='ocrx_word' id='word_1_422' title='bbox 1105 4511 1151 4560; x_wconf 81' lang='grc' dir='ltr'><strong><em>καὶ</em></strong></span> <span class='ocrx_word' id='word_1_423' title='bbox 1159 4513 1202 4568; x_wconf 86' lang='grc' dir='ltr'>αἱς</span> <span class='ocrx_word' id='word_1_424' title='bbox 1209 4509 1339 4581; x_wconf 75' lang='grc' dir='ltr'><strong><em>ἔγραψεν,</em></strong></span> 
     </span>
     <span class='ocr_line' id='line_1_45' title="bbox 130 4576 738 4712; baseline -0.008 -12"><span class='ocrx_word' id='word_1_425' title='bbox 130 4576 586 4712; x_wconf 43' lang='grc' dir='ltr'><strong><em>ὀλιγῖυςῦἐττόόιλόόδέγόὶόόῃίλό’ὴαιια</em></strong></span> <span class='ocrx_word' id='word_1_426' title='bbox 598 4643 738 4712; x_wconf 87' lang='lat' dir='ltr'>epistolam</span> 
     </span>
    </p>

    <p class='ocr_par' dir='ltr' id='par_1_10' title="bbox 182 4684 1138 4783">
     <span class='ocr_line' id='line_1_46' title="bbox 182 4684 1138 4783; baseline -0.003 -14"><span class='ocrx_word' id='word_1_427' title='bbox 182 4688 297 4783; x_wconf 58' lang='lat' dir='ltr'>ohannen,</span> <span class='ocrx_word' id='word_1_428' title='bbox 306 4685 392 4771; x_wconf 74' lang='lat' dir='ltr'>Introd.</span> <span class='ocrx_word' id='word_1_429' title='bbox 403 4732 427 4770; x_wconf 88' lang='lat' dir='ltr'>ln</span> <span class='ocrx_word' id='word_1_430' title='bbox 436 4684 466 4769; x_wconf 55' lang='lat' dir='ltr'>N:</span> <span class='ocrx_word' id='word_1_431' title='bbox 474 4728 494 4768; x_wconf 75' lang='grc' dir='ltr'><strong>Τ</strong></span> <span class='ocrx_word' id='word_1_432' title='bbox 510 4729 585 4769; x_wconf 83' lang='lat' dir='ltr'>libros.</span> <span class='ocrx_word' id='word_1_433' title='bbox 740 4685 746 4697; x_wconf 39' lang='lat'>¹</span> <span class='ocrx_word' id='word_1_434' title='bbox 1121 4726 1138 4778; x_wconf 85' lang='lat'><strong>3</strong></span> 
     </span>
    </p>
   </div>
   <div class='ocr_carea' id='block_1_7' title="bbox 0 0 1682 5176">
    <p class='ocr_par' dir='ltr' id='par_1_11' title="bbox 0 0 1682 5176">
     <span class='ocr_line' id='line_1_47' title="bbox 0 0 1682 5176; baseline 0 0"><span class='ocrx_word' id='word_1_435' title='bbox 0 0 1682 5176; x_wconf 95' lang='lat' dir='ltr'> </span> 
     </span>
    </p>
   </div>
  </div>
 </body>
</html>
