3356 5176
588 307 850 370 ...41-

125 472 206 537 nullis
224 475 444 540 addubitatam
469 481 555 542 certo
579 478 803 561 cognoscendi;
826 478 859 562 y)
874 477 1029 543 rationem
1051 478 1249 556 historicam,
1266 494 1330 558 qua

124 558 191 638 haec
205 561 360 626 sententia
376 559 587 642 confirmatur,
603 565 634 629 in
651 585 688 631 eo
702 563 887 642 invenimus,
904 565 990 644 quod
1006 563 1142 644 Cyrillus
1157 563 1280 628 Hieros.
1297 566 1330 626 et

125 643 284 725 Gregorius
299 645 393 725 Nan„
416 647 470 727 qui
487 648 617 713 concilio
632 670 693 714 non
709 647 897 726 interfuere,
921 649 1065 729 Dionysii
1079 649 1166 714 Ales.
1190 647 1330 730 opinioni

123 729 272 796 inhaerere
288 737 457 813 pergentes
473 734 677 816 apocalypsin
692 735 823 800 Joannis
846 734 935 799 libris
958 733 1072 798 divinis
1094 754 1156 799 non
1178 734 1329 798 adnume-

123 814 231 894 rabant,
248 817 324 880 dum
341 836 364 882 s.
380 818 583 898 Athanasius,
600 821 700 901 quiin
716 820 775 884 hoc
790 819 920 884 concilio
936 837 1068 900 magnas
1083 820 1195 884 habuit
1209 823 1327 900 partes

123 919 191 979 opus
204 901 282 964 illud
298 902 413 967 Joanni
428 904 582 983 Apostolo
598 905 719 986 absque
736 905 800 970 ulla
821 905 1032 970 haesitatione
1055 905 1226 983 tribueret,
1252 904 1328 984 quin

122 986 263 1051 rationem
284 981 419 1053 haberet
442 990 617 1056 sententiae
641 991 834 1070 contrariae,
861 991 936 1055 licet
957 990 988 1053 in
1011 991 1081 1071 ipsa
1103 991 1171 1072 ejus
1195 989 1328 1055 ecclesia

123 1077 195 1136 esset
226 1078 313 1152 orta,
348 1077 381 1138 et
410 1093 469 1155 per
496 1079 730 1141 antecessorem
756 1077 837 1142 adeo
867 1076 1023 1142 celebrem
1051 1081 1083 1140 et
1111 1076 1152 1140 ab
1182 1075 1327 1140 omnibus

122 1158 213 1238 magni
234 1158 380 1223 habitum
401 1160 591 1226 introducta.
634 1161 713 1226 Cum
737 1163 897 1228 tamenin
920 1161 1050 1227 concilio
1065 1161 1205 1227 Nicaeno
1228 1180 1328 1226 canon

121 1242 261 1308 librorum
291 1263 455 1310 sacrorum
485 1245 657 1312 solenniter
685 1267 722 1312 ac
752 1248 931 1329 dogmatice
960 1266 1022 1310 non
1052 1253 1137 1312 esset
1162 1246 1326 1312 definitus:

122 1326 241 1392 hbernm
263 1335 334 1394 erat
353 1330 475 1412 absque
493 1331 664 1398 haereseos
686 1338 761 1397 nota
787 1332 885 1398 dubia
906 1335 947 1398 de
969 1333 1134 1398 authentia
1164 1331 1328 1398 etdivina

122 1415 299 1480 auctoritate
315 1416 511 1497 singulorum
527 1418 717 1498 scriptorum
733 1417 950 1498 manifestare,
972 1418 1059 1504 quod
1072 1416 1192 1482 factum
1209 1417 1328 1482 inveni-

122 1517 180 1562 mus
194 1500 232 1565 dc
248 1501 433 1582 apocalypsi
449 1503 480 1566 in
497 1503 630 1568 ccclesia
644 1523 775 1585 graeca,
801 1505 888 1568 etde
905 1504 1040 1585 epistola
1055 1505 1096 1567 ad
1111 1503 1276 1568 Hebraeos
1295 1503 1341 1583 in
1389 1501 1391 1508 ⁴

122 1585 240 1650 ecclesia
267 1587 474 1667 occidentah,
507 1589 562 1653 ubi
587 1594 731 1671 ternpore
757 1589 872 1654 Isidori
898 1589 1097 1670 Hispalensis
1122 1590 1261 1654 nondum
1287 1588 1327 1652 ab

122 1671 251 1736 omnibus
266 1672 390 1737 Latinis
405 1673 498 1737 Pauli
512 1675 658 1755 Apostoli
674 1694 754 1757 opus
769 1675 878 1757 agnita
894 1680 972 1741 erat.

666 1896 693 1977 s.
716 1896 766 1961 aa.

332 2031 362 2082 8.
381 2032 564 2083 Declaratio
578 2033 708 2083 concilii
720 2032 904 2082 Tridentini
916 2031 955 2082 de
969 2044 1099 2082 canone.

191 2183 273 2248 Cum
290 2182 516 2250 reformatores
531 2185 576 2250 sic
592 2186 669 2251 dicti
683 2186 715 2250 in
731 2187 886 2267 quosdam
901 2185 999 2250 hbros
1022 2203 1130 2250 sacros
1153 2189 1260 2251 essent
1280 2186 1326 2249 in-

131 2268 195 2347 vecti,
210 2269 260 2334 ita
275 2274 312 2332 ut
327 2290 354 2333 v.
371 2289 400 2351 g.
416 2270 576 2335 Lutherus
592 2271 759 2352 epistolam
775 2291 799 2336 s.
810 2272 831 2336 J
833 2271 924 2336 acobi
933 2271 1140 2336 stramineam
1151 2271 1328 2352 appellaret

126 2350 147 2413 in
159 2354 289 2419 ecclesia
304 2374 366 2419 non
381 2355 586 2435 legendam:1
608 2361 718 2438 patres
733 2357 858 2422 concilii
873 2357 957 2420 Trid.
973 2358 1033 2420 hac
1049 2358 1088 2422 de
1103 2376 1138 2421 re
1150 2356 1233 2422 serio
1249 2356 1327 2421 deli-

125 2435 268 2504 berabant.
308 2441 522 2505 Suadentibus
538 2442 618 2522 ahis,
634 2446 671 2506 ut
685 2443 802 2524 duplex
818 2443 917 2508 series
933 2461 974 2507 ss.
990 2443 1142 2507 librorum
1159 2440 1326 2508 conficere-

123 2525 169 2602 tur,
182 2525 253 2589 aliis
268 2530 377 2590 autern
393 2527 601 2607 monentibus,
618 2530 730 2594 deesse
746 2529 811 2594 tale
828 2528 1005 2609 exemplum
1016 2528 1140 2593 concilii
1152 2529 1325 2610 cujusdam,

123 2611 146 2671 et
165 2612 296 2676 eruditis
319 2611 488 2676 discrimen
511 2612 594 2678 inter
613 2614 755 2694 singulos
774 2614 872 2678 libros
887 2614 1086 2679 intercedens
1101 2613 1241 2694 alioquin
1256 2633 1327 2679 0000

121 2699 228 2760 notum:
257 2697 423 2762 concilium
447 2716 524 2762 sess.
540 2699 593 2763 IV.
610 2699 797 2778 declaravit,
824 2718 858 2764 se
878 2719 987 2764 omnes
1008 2698 1107 2764 hbros
1122 2703 1188 2764 tam
1208 2700 1326 2764 vetaris

121 2797 200 2858 quam
214 2783 290 2846 novi
304 2784 497 2862 testamenti,
514 2803 586 2848 cum
600 2786 770 2866 utriusque
784 2804 866 2849 unus
875 2785 963 2850 Deus
979 2785 1022 2849 sit
1036 2790 1156 2863 auctor,
1174 2785 1244 2866 pari
1259 2785 1326 2865 pie-

120 2866 182 2950 tatis
196 2867 314 2933 affectu
329 2877 367 2932 ac
381 2869 561 2934 reverentia
577 2870 738 2951 suscipere
755 2874 787 2934 et
802 2869 955 2947 venerari,
972 2875 1005 2934 et
1020 2870 1212 2934 enumeratis
1227 2870 1327 2934 omni-

120 2948 168 3014 bus
181 2952 271 3018 libris
287 2953 387 3018 sacris
402 2973 622 3035 quemcunque
643 2955 838 3020 anathemati
861 2954 992 3018 subesse
1013 2953 1248 3034 pronunciavit,
1272 2955 1327 3035 qui

119 3033 203 3102 libros
216 3039 305 3121 ipsos
326 3039 467 3120 integros
491 3057 561 3104 curn
582 3040 728 3105 omnibus
750 3040 817 3104 suis
835 3038 997 3119 partibus,
1021 3043 1117 3118 prout
1139 3038 1171 3101 in
1193 3038 1327 3104 ecclesia

120 3122 187 3186 cath.
202 3124 267 3205 legi
282 3130 528 3205 consueverunt,
553 3126 632 3190 etin
647 3126 749 3191 veteri
763 3125 894 3207 vulgata
916 3123 1054 3189 editione
1076 3123 1245 3203 habentur,
1268 3143 1327 3205 pro

120 3208 205 3273 sacris
220 3215 252 3274 et
267 3209 426 3275 canonicis
440 3230 502 3274 non
517 3211 703 3292 susceperit.

190 3294 251 3358 Per
266 3296 364 3360 hocca
378 3297 543 3360 decretum
566 3315 641 3378 crgo
664 3297 770 3360 divina
792 3296 966 3362 auctoritas
987 3295 1133 3360 omnibus
1155 3294 1272 3358 nostris
1288 3295 1324 3357 V.

120 3382 146 3440 et
156 3377 190 3442 N.
202 3380 235 3442 T.
251 3380 342 3445 libris
358 3381 502 3460 aequalis
518 3382 685 3461 vindicata,
701 3382 870 3447 discrimen
885 3401 970 3461 vcr0,
986 3381 1073 3463 quod
1087 3381 1128 3446 de
1142 3380 1244 3462 gradu
1260 3399 1327 3444 cer-

120 3461 252 3530 titudinis
267 3464 439 3531 historicae
454 3466 538 3531 inter
553 3468 693 3550 singulos
707 3468 886 3546 intercedit,
901 3487 963 3531 non
978 3466 1139 3531 sublatum
1155 3469 1213 3544 est,
1229 3484 1326 3546 quum

119 3546 274 3615 discrimen
289 3551 386 3617 hocce
401 3552 582 3617 testimonio
597 3553 748 3617 historico
763 3553 900 3630 nitatur,
922 3552 1007 3632 quod
1029 3552 1115 3615 nulla
1137 3551 1328 3616 auctoritate

119 3630 242 3698 humana
272 3636 343 3701 tolli
370 3641 494 3718 potest,
525 3639 675 3719 quodque
702 3638 867 3703 concilium
894 3637 1027 3702 eruditis
1052 3636 1192 3717 alioquin
1218 3639 1327 3700 notum

118 3721 263 3800 supponit.

641 3857 691 3948 l·
715 3859 765 3922 ao.

151 3987 265 4044 causae
277 3993 450 4045 dubiorum
462 3996 496 4045 in
509 3994 653 4056 antiquis
670 3993 813 4045 ecclesiis
825 3993 864 4044 de
877 3992 1068 4053 quibusdam
1081 3993 1121 4044 N.
1135 3995 1169 4045 ¹1¹.
1182 3994 1284 4047 libris.

119 4224 125 4235 ·
147 4226 152 4239 ι
171 4228 176 4240 Ι
193 4144 330 4242 Causae,
358 4146 398 4212 ob
422 4166 502 4228 quas
524 4167 586 4213 non
610 4167 718 4212 omnes
741 4148 842 4212 nostri
857 4148 894 4211 N.
911 4147 945 4211 T.
961 4146 1033 4211 libri
1056 4148 1139 4213 sacri
1160 4148 1268 4212 statim
1284 4150 1324 4212 ab

118 4234 197 4292 intro
211 4249 242 4293 rn
265 4233 386 4298 cunctis
409 4233 550 4298 ecclesiis
571 4234 686 4316 agniti,
710 4234 767 4298 sed
788 4233 895 4314 potius
917 4237 1040 4314 septem
1061 4233 1187 4299 illorum
1208 4233 1258 4297 hic
1280 4234 1325 4297 ibi

119 4311 228 4378 diutius
242 4318 423 4383 addubitati
438 4318 515 4399 sint,
536 4319 617 4385 sitae
633 4323 724 4384 erant
737 4319 769 4383 in
785 4337 908 4383 summa
923 4319 1108 4398 severitate,
1124 4337 1188 4398 qua
1202 4319 1324 4399 antiqui

120 4451 307 4463 —Qh

181 4517 415 4574 ι10011000οΝ.
433 4519 465 4574 T.
483 4535 526 4573 an.
545 4520 632 4576 1524.:
657 4520 776 4585 „Darum
792 4519 828 4573 ist
848 4519 886 4574 St.
899 4519 1016 4573 lacobus
1032 4518 1138 4587 Epistol
1156 4518 1215 4573 ciue
1232 4520 1324 4576 rechte

120 4583 246 4638 strdheme
257 4587 387 4656 Epistol.“
