3356 5176
777 246 1039 310 -40—

385 414 416 496 b)
448 415 622 483 Concilium
647 414 902 502 Cartlaqz'niease
925 413 984 479 III.
1009 415 1071 496 (an.
1094 416 1180 496 337.)
1204 416 1524 494 4111.47.,1141111111

300 498 547 567 declarationem
563 503 674 582 synodi
683 501 896 585 Hipponensis
908 501 1009 582 (393.)
1023 520 1089 565 can.
1105 502 1165 579 36,
1182 501 1304 580 statuit,
1321 506 1376 580 „ut
1391 504 1526 581 praeter

299 584 474 664 scripturas
491 587 656 651 canonicas
672 586 748 650 nihil
763 587 794 650 in
817 586 950 652 ecclesia
969 586 1095 668 legatur
1115 587 1174 650 sub
1196 586 1321 651 nomine
1341 586 1524 649 divinarum

299 669 559 750 scripturarum,“
582 685 614 736 et
628 672 715 736 hisce
731 673 937 736 enumeratis:
968 677 1023 751 „ut
1039 673 1079 736 de
1095 670 1309 736 confirmando
1323 672 1385 736 isto
1402 689 1526 736 canone

298 758 510 821 transmarina
531 757 664 823 ecclesia
684 757 917 822 141111111111.“1
963 757 1078 822 Concil.
1101 756 1282 838 Carthagin.
1299 757 1336 820 V.
1353 756 1416 836 (an.
1432 755 1524 836 419.)

299 857 365 904 can.
389 843 439 906 29.
463 862 615 907 canonem
637 843 806 924 utriusque
829 842 941 923 synodi
963 862 1035 907 mox
1057 843 1207 907 laudatae
1229 842 1355 923 repetit,
1377 847 1525 906 attamen

300 926 466 1008 epistolam
481 929 523 992 ad
531 928 696 993 Hebraeos
713 949 773 993 non
788 927 925 1008 amplius
940 929 1114 1010 separatim
1126 930 1360 1006 commemorat,
1377 927 1434 991 sed
1446 927 1525 990 sim-

299 1011 425 1091 pliciter
441 1014 481 1076 14
496 1013 648 1094 epistolas
664 1033 688 1078 s.
704 1014 797 1078 Pauli
811 1014 962 1092 nominat,
984 1019 1016 1078 et
1031 1015 1135 1078 addit:
1166 1014 1254 1092 „Hoc
1270 1013 1366 1078 etiam
1380 1011 1472 1077 fratri
1491 1019 1526 1076 et

299 1099 457 1163 sacerdoti
472 1104 581 1164 nostro
590 1099 763 1182 Bom'facio
778 1099 828 1164 vel
843 1099 914 1163 aliis
930 1118 1039 1163 earum
1053 1099 1193 1180 partium
1209 1099 1366 1179 episcopis
1377 1118 1435 1179 pro
1449 1117 1526 1162 con-

298 1180 453 1248 firmando
473 1185 535 1249 isto
557 1203 676 1249 canone
695 1185 886 1264 innotescat,
911 1185 987 1265 quia
1007 1204 1027 1248 a
1044 1184 1191 1265 patribus
1210 1185 1275 1248 ista
1294 1184 1474 1265 accepimus
1491 1183 1527 1246 111

300 1267 434 1333 44414111
449 1269 612 1351 legenda.“

383 1354 467 1419 Huic
482 1355 689 1420 declarationi
705 1373 870 1420 assensum
884 1355 1103 1436 praebuerunt

384 1441 412 1504 3.
436 1439 606 1505 Pontifices
621 1440 770 1518 Romani;
796 1460 869 1504 nam
884 1437 1119 1503 Innocentiocl.
1141 1439 1309 1516 11114405.
1331 1441 1364 1505 in
1385 1438 1528 1520 epistola

300 1526 341 1590 ad
356 1525 578 1606 Exsuperium,
595 1526 778 1606 episcopum
794 1525 994 1604 Tolosanum
1016 1526 1145 1590 eosdem
1159 1526 1258 1590 libros
1273 1525 1313 1589 27
1329 1526 1527 1590 1111411114-

299 1609 387 1674 nicos
403 1611 525 1690 refert,2
541 1618 573 1676 41
588 1610 734 1674 dolosius
746 1611 771 1672 I.
788 1611 820 1674 in
836 1612 955 1692 synodo
973 1612 1013 1676 70
1029 1611 1250 1693 episcoporum
1266 1610 1329 1690 (an.
1341 1611 1429 1692 494.)
1445 1611 1528 1675 toti-

299 1697 373 1760 dem
388 1696 509 1778 recipit,
527 1702 558 1762 et
574 1696 620 1762 sic
635 1715 734 1760 canon
748 1696 868 1777 ubique
882 1696 1023 1761 locorum
1039 1695 1207 1761 conformis
1222 1695 1326 1761 factus
1341 1701 1398 1760 est.

386 1781 490 1862 Hujus
513 1781 560 1846 rei
582 1800 678 1847 causa
701 1781 763 1845 sita
786 1787 856 1846 erat
877 1782 909 1845 in
924 1781 1054 1846 arctiori
1069 1801 1151 1848 nexu
1165 1782 1250 1846 Inter
1271 1782 1414 1846 diversas
1428 1780 1529 1863 longe

300 1866 592 1932 dissitasecclesias
604 1871 684 1946 orto,
697 1885 760 1947 quo
773 1867 896 1932 occasio
906 1867 1109 1946 offerebatur,
1121 1871 1158 1931 ut
1165 1867 1354 1932 traditiones
1361 1866 1528 1946 indubiae,

300 1953 437 2032 quaeda
454 1953 585 2034 singulis
600 1952 691 2017 libris
705 1951 743 2015 N.
761 1951 795 2015 T.
811 1953 843 2016 in
860 1953 1001 2018 ecclesiis
1023 1953 1195 2033 praecipue
1217 1952 1401 2034 apostolicis
1424 1952 1528 2033 depo·

299 2037 380 2102 sitae
396 2043 495 2117 erant,
511 2038 582 2102 aliis
598 2039 694 2103 etiam
706 2042 793 2102 certo
806 2039 1049 2118 innotescerent,
1064 2039 1245 2103 accuratius
1257 2038 1528 2118 examinarentur,

301 2127 333 2188 et
349 2123 394 2188 sic
409 2124 451 2187 ad
467 2124 595 2187 canonis
612 2121 865 2189 conformitatem
882 2122 1080 2191 efficiendam
1096 2123 1283 2190 conferrent.
1306 2123 1419 2204 Neque
1430 2124 1527 2188 mini-

301 2227 369 2272 mas
390 2210 450 2273 hac
472 2209 504 2273 in
526 2227 561 2272 re
576 2214 686 2290 partes
701 2209 866 2271 concilium
879 2212 1105 2272 oecumenicum
1119 2211 1144 2273 I.
1181 2211 1320 2272 Nc'cwuc
1334 2210 1526 2273 celebratum

300 2293 451 2358 habuisse
466 2294 601 2358 videtur.
635 2294 671 2357 In
686 2294 746 2358 hoc
761 2294 892 2359 concilio
908 2296 948 2360 de
964 2314 1082 2360 canone
1097 2314 1135 2359 ex
1154 2295 1313 2375 professo,
1337 2294 1464 2374 publice
1488 2313 1527 2359 ac

301 2378 474 2443 solenniter
484 2397 555 2444 osse
566 2383 748 2458 tractatum,
765 2379 797 2443 in
808 2379 888 2444 11111
901 2381 969 2462 ejus
979 2400 1041 2444 non
1052 2380 1181 2461 quidem
1192 2380 1327 2461 legimus
1337 2384 1364 2458 3;
1380 2384 1527 2444 attamen

301 2463 443 2528 dubitari
457 2465 582 2544 nequit,
606 2464 682 2544 quin
698 2465 850 2530 ecelesiae
865 2465 1025 2531 antistites
1041 2485 1079 2530 ex
1093 2465 1241 2531 universo
1257 2465 1333 2530 orbe
1349 2465 1526 2530 christiano

244 2570 247 2576 ’
302 2550 486 2630 congregati
500 2550 532 2613 in
548 2550 707 2616 consortio
723 2569 780 2614 suo
795 2569 833 2614 14
849 2549 1013 2631 colloquiis
1029 2551 1069 2615 de
1084 2550 1174 2615 libris
1190 2551 1289 2616 sacris
1305 2569 1432 2631 quoque
1447 2569 1527 2632 age-

301 2640 387 2712 rent3
414 2635 531 2699 etenim
552 2635 585 2716 α)
608 2654 660 2700 111
681 2635 752 2716 ipsa
774 2635 954 2717 gravissimi
977 2637 1128 2702 momenti
1150 2641 1220 2700 erat
1242 2641 1275 2700 et
1290 2636 1344 2700 diu
1359 2637 1526 2716 ventilata,

301 2739 384 2800 quae
400 2720 517 2784 nemini
531 2740 594 2785 non
610 2721 699 2786 cordi
714 2739 785 2785 esse
808 2721 961 2801 debebat3
984 2723 1019 2805 β)
1035 2722 1139 2803 prima
1162 2722 1230 2786 vioe
1253 2721 1525 2802 opportunissima

295 2805 496 2875 offerebatur
517 2807 657 2884 occasio,
685 2825 793 2872 omnes
815 2807 1004 2872 traditiones
1026 2807 1058 2871 in
1081 2807 1228 2872 universo
1251 2807 1328 2872 orbe
1350 2807 1527 2872 christiano

301 2891 465 2972 dispersas
480 2892 521 2956 de
532 2892 665 2974 singulis
676 2891 765 2955 libris
777 2891 815 2955 N.
829 2892 863 2955 T.
876 2893 937 2957 sibi
948 2893 1082 2958 invicem
1093 2892 1354 2971 communicandi,
1371 2896 1403 2958 et
1414 2911 1527 2957 veram

301 2978 500 3058 quorundam
523 2979 714 3060 scriptorum
737 2977 891 3059 originem
912 2979 1201 3059 auctoritatemque
1221 2978 1386 3058 hucusque
1406 2997 1426 3041 a
1446 2997 1526 3042 non-

772 3152 783 3180 1

301 3233 398 3298 καινῆς
419 3227 554 3298 διαθήκης
576 3232 673 3284 ταῦτα·
707 3230 861 3303 Εὐαγγέλια
884 3236 1018 3303 τέσσαρα·
1039 3230 1108 3285 κατὰ
1125 3237 1288 3290 Ματθαῖον,
1308 3227 1377 3283 κατὰ
1394 3225 1525 3301 Μάρκον,

301 3297 370 3354 κατὰ
388 3299 518 3358 Λουκᾶν,
540 3296 608 3351 κατὰ
625 3296 768 3365 Ἰωάννην
791 3298 904 3368 πράξεις
923 3297 1105 3363 ἀποστόλων,
1128 3301 1273 3353 ἐπιστολαὶ
1287 3301 1435 3352 accolunt
1451 3298 1526 3354 ἑπτὰ

303 3365 403 3427 οὕτως·
421 3364 550 3434 Ἰακώβου
561 3371 619 3435 μία,
632 3370 744 3439 Πέτρου
758 3368 818 3433 δύο,
830 3366 959 3422 Ἰωάννου
972 3375 1052 3441 τρεῖς,
1063 3365 1230 3489 ’141311αέ11
1249 3369 1396 3421 ἐπιστολαὶ
1407 3365 1524 3423 Παύλου

304 3438 516 3522 δεκατφσαρεξ·
541 3431 613 3505 πρὸς
631 3442 777 3519 Ρωμαίους
793 3441 852 3508 μία,
874 3435 947 3509 πρὸς
962 3441 1135 3520 Κορινιῆίους
1175 3435 1216 3502 do,
1237 3432 1309 3508 πρὸς
1324 3432 1446 3520 Γαλάτας
1461 3442 1524 3506 μία,

303 3505 1437 3654 111111114111111111111411111111114111
1450 3509 1525 3644 iit}

305 3642 599 3784 mrtqpftvefflcsscuit’
620 3711 650 3786 ut
666 3712 773 3774 praeter
791 3707 937 3775 scripturas
955 3708 1095 3760 canonicas
1113 3707 1220 3786 nihiliu
1231 3707 1345 3761 44114111
1355 3707 1461 3786 legatur
1472 3707 1523 3760 sub

303 3789 407 3827 nomme
419 3773 565 3826 dimnarum
578 3781 777 3842 sompturarum.
803 3776 870 3829 Sunt
881 3781 971 3829 autem
983 3776 1124 3830 canonicae
1143 3780 1303 3844 scripturae:
1325 3776 1449 3838 Genesis,
1465 3775 1522 3828 Ex-

303 3840 370 3896 odns
382 3848 431 3895 etc.
455 3842 522 3896 Novi
534 3848 623 3896 autem
635 3844 788 3898 testamenti
800 3843 995 3912 evangeliorum
1007 3843 1068 3896 libri
1080 3850 1200 3912 quatuor,
1213 3850 1321 3898 actuum
1332 3842 1521 3910 Apostolorum

303 3909 371 3963 liber
383 3925 459 3982 unus,
472 3910 548 3964 Pauli
555 3913 647 3978 Apost.
661 3913 789 3979 epistolae
800 3911 937 3976 tredecim,
949 3911 1069 3978 ejusdem
1081 3911 1115 3964 ad
1127 3913 1262 3966 Hebraeos
1274 3928 1335 3977 una,
1347 3911 1420 3964 Petri
1426 3914 1520 3978 Apost.

303 3978 380 4042 duae,
391 3978 502 4032 Ioannis
515 3981 607 4046 Apost.
620 3985 684 4045 tres,
697 3980 782 4034 Iudae
795 3982 889 4047 Apost.
902 3995 992 4043 una,a
1011 3980 1144 4048 ocalypsis
1156 3981 1267 4034 Joannis
1278 3980 1347 4034 liber
1358 3995 1435 4032 unus.

323 4093 324 4096 ,
371 4049 382 4080 ²
400 4045 554 4100 Consulenti
566 4047 628 4112 tibi,
649 4048 732 4101 irater
745 4049 914 4113 charissIme,
937 4048 981 4116 qui
1011 4050 1044 4102 de
1057 4049 1192 4117 proposita
1202 4048 1348 4116 uncquavis
1360 4048 1448 4114 specie
1461 4063 1520 4100 sen-

303 4114 375 4178 tiam,
388 4130 436 4182 pro
449 4121 529 4182 captu
540 4114 731 4183 intelligentiae
744 4132 826 4181 meae,
844 4132 911 4185 quae
923 4123 986 4170 sunt
997 4118 1062 4182 visa,
1078 4117 1211 4184 respondi,
1229 4116 1292 4184 quid
1304 4115 1467 4183 sequendum
1478 4115 1519 4169 vel

303 4183 396 4236 docilis
408 4182 477 4236 ratio
488 4183 674 4250 persuaderet,
694 4185 736 4238 vel
748 4185 893 4238 auctoritas
905 4185 1026 4239 lectionis
1044 4185 1208 4248 ostenderet,
1229 4185 1271 4238 vel
1288 4184 1421 4238 custodita
1437 4184 1519 4237 series

304 4257 452 4319 temporum
464 4251 659 4305 demonstraret
671 4257 721 4306 etc.
746 4253 868 4306 (lalland.
882 4253 945 4307 bibl.
958 4260 1064 4321 patrum
1076 4259 1137 4305 tom.
1149 4253 1222 4306 VIII.
1234 4269 1259 4320 p.
1274 4253 1332 4306 563.
1346 4267 1400 4320 seq.

372 4323 382 4353 ³
401 4320 427 4372 S.
445 4320 622 4388 Hieronymus
640 4319 669 4373 in
686 4320 795 4389 prologo
812 4321 841 4373 in
859 4322 955 4375 librum
974 4321 1068 4375 Judith
1086 4321 1150 4375 dicit
1168 4321 1285 4389 quidem:
1310 4321 1405 4386 „Hunc
1422 4320 1517 4374 librum

305 4388 422 4456 synodus
434 4387 553 4442 Nicaena
569 4388 596 4441 in
612 4404 752 4441 numerum
769 4394 920 4443 sanctarum
937 4389 1129 4458 scripturarum
1144 4389 1242 4468 legitur
1259 4393 1458 4456 computasse;“
1477 4392 1519 4440 ast

304 4455 906 4579 11111ιὲ114111111411111111111111441111114114,
927 4473 962 4511 an
979 4456 1036 4513 solo
1052 4474 1103 4512 usu
1120 4457 1181 4512 lion
1196 4457 1274 4512 istius
1285 4456 1386 4512 factum
1399 4456 1447 4520 sit,
1467 4470 1518 4508 non

304 4538 367 4581 cons
