3364 5156
879 205 968 237 -ι

641 331 924 396 -193-

166 499 279 564 ultimo
294 517 400 582 agere,
415 519 503 566 mere
518 501 724 567 arbitrarium
740 506 798 566 est.
844 501 910 566 Cur
924 504 1037 582 Lucas
1058 522 1141 584 quae
1155 502 1290 567 diversis
1305 521 1394 567 occa·

166 585 310 650 sionibus
324 584 356 649 in
371 587 541 668 metropoli
557 587 735 668 evenerint,
759 605 862 669 aequo
882 607 920 653 ao
935 589 1119 653 Matthaeus
1141 594 1174 653 et
1189 589 1318 653 Marcus
1333 607 1395 653 nen

166 669 296 751 referat,
309 671 376 752 jam
391 672 482 753 prius
497 673 618 738 dictum
635 678 692 739 est.
1094 671 1096 676 ’
1206 690 1216 701 ·

168 801 170 806 -
252 756 282 820 4.
320 757 357 820 ln
382 759 666 824 commemorandis
692 758 889 840 singulorum
917 758 1074 824 factorum
1104 760 1263 841 adjunctis
1289 761 1395 823 Lucas

166 843 333 907 Matthaeo
349 843 449 907 multo
465 846 645 910 accuratior
660 849 718 924 est,
739 849 771 910 et
786 845 846 910 hoo
861 850 1010 927 respectu
1024 845 1148 909 nonnisi
1164 865 1183 910 a
1196 846 1304 910 Marco
1321 844 1396 910 sub-

164 928 243 994 inde
264 928 402 993 vincitur
422 927 492 1009 (cir.
508 950 536 994 v.
553 951 581 1012 g.
604 931 820 995 narrationem
842 931 883 996 de
906 950 997 996 servo
1021 931 1214 995 centurionis
1237 936 1350 995 sanato
1368 931 1396 1011 7,

168 1015 293 1093 1-10,
309 1015 349 1079 de
364 1015 569 1082 daemoniaco
586 1016 756 1081 Gadarene
771 1017 801 1096 5,
817 1017 970 1096 tlt—39,
994 1018 1034 1081 de
1054 1017 1298 1082 resuscitatione
1311 1015 1397 1081 filiae

165 1100 189 1163 J
191 1101 250 1164 airi
267 1105 299 1165 et
314 1101 480 1166 sanatione
502 1101 645 1167 mulieris
666 1101 829 1184 sanguinis
848 1101 1003 1184 profluvio
1023 1103 1200 1168 laborantis
1215 1103 1244 1182 8,
1259 1102 1396 1166 40÷5a

166 1192 202 1250 et
217 1184 281 1250 alia
297 1204 368 1250 cum
383 1185 461 1251 locis
475 1188 662 1270 parallelis).

726 1409 754 1491 §-
775 1412 845 1476 131.

505 1544 554 1596 De
566 1546 754 1608 integritate
771 1547 933 1609 evangelii
946 1547 1062 1599 Lucae.
1125 1625 1127 1630 Ι

255 1698 397 1763 Marcion
411 1698 594 1765 haereticus
609 1700 762 1766 utebatur
777 1701 955 1783 evangelio,
971 1702 1070 1783 quod,
1094 1705 1130 1765 ut
1146 1720 1163 1766 c
1177 1700 1363 1782 fragmentis
1379 1719 1399 1766 a

169 1783 370 1848 Tertulliano
394 1790 426 1850 et
441 1804 460 1850 a
476 1805 500 1851 s.
517 1786 696 1868 Epiphanio·
717 1787 808 1851 nobis
831 1787 967 1852 servatis
990 1787 1138 1869 colligere
1159 1787 1249 1866 licet,
1275 1790 1345 1850 tum
1367 1786 1399 1849 in

165 1869 283 1950 rebus,
307 1873 376 1934 tum
397 1871 431 1935 in
445 1871 552 1937 verbis
574 1872 813 1938 similitudinem
835 1873 1007 1954 quamdam
1026 1871 1187 1937 referebat
1202 1890 1273 1935 cum
1288 1873 1398 1936 nostro

165 1956 277 2020 Lucae
293 1956 471 2038 evangelio,
487 1958 634 2023 addendo
650 1966 768 2038 autem,
787 1959 942 2024 demendo
958 1965 1015 2023 aut
1030 1958 1227 2022 immutando
1242 1956 1351 2020 multis
1367 1957 1398 2019 in

150 2040 248 2110 ,locis
263 2048 449 2123 corrupt031
470 2062 570 2124 quare
585 2043 755 2108 recentiori
770 2049 878 2110 aetate
892 2064 955 2109 non
970 2043 1154 2124 defuerunt,
1179 2043 1235 2125 qui
1250 2041 1399 2107 deiende-

166 2133 265 2214 rent,
282 2127 453 2193 Marcionis
476 2129 674 2211 evangelium
696 2127 795 2194 fuisse
815 2131 922 2195 Lucae
944 2131 1132 2211 genuinum,
1155 2133 1301 2194 nostrum
1322 2147 1398 2193 vero

166 2213 287 2276 librum
302 2232 340 2278 ex
354 2214 654 2296 interpolationibus
669 2215 754 2279 illius
770 2234 841 2281 esse
857 2221 992 2282 ortum.2

255 2299 376 2387 Verum
394 2300 462 2387 jam
481 2301 709 2384 Tertullianus,
732 2301 809 2382 quin
825 2303 854 2368 ci
869 2301 1156 2380 contradiceretur,
1182 2301 1223 2365 ad
1245 2299 1399 2381 majorem

169 2385 327 2467 evangelii
342 2386 445 2450 nostri
466 2386 692 2468 antiquitatem
714 2389 914 2468 provocavit,
941 2388 1041 2453 hocce
1060 2386 1213 2452 ecclesiae
1227 2385 1400 2450 traditione

167 2489 273 2552 usque
288 2471 330 2536 ad
340 2471 513 2552 Apostolos
528 2473 730 2555 pertingente
746 2474 960 2539 commendari
974 2477 1124 2553 testatur,
1140 2473 1216 2537 dum
1227 2470 1399 2536 Marcionis

168 2575 252 2638 opus
267 2557 391 2621 nonnisi
404 2558 437 2621 in
452 2559 563 2639 paucis
580 2559 721 2624 ecclesiis
737 2566 823 2625 esset
837 2565 957 2638 notum,
975 2564 1007 2624 et
1022 2578 1042 2624 a
1056 2559 1190 2639 nemine,
1206 2557 1268 2622 nisi
1283 2576 1302 2621 a
1315 2557 1400 2620 Mar·

168 2643 297 2708 cionitis
319 2643 494 2725 agnitum³
536 2644 711 2710 Praeterea
732 2665 773 2710 ne
794 2646 864 2726 ipse
886 2647 1016 2727 quidem
1036 2645 1180 2710 Marcion
1202 2642 1400 2724 evangelium

168 2747 265 2794 suum
290 2729 445 2793 traditum
471 2731 649 2811 accepisse,
677 2731 734 2796 scd
761 2732 964 2796 emendatum
986 2732 1094 2795 Lucae
1120 2749 1191 2795 esse
1216 2728 1399 2806 asserebam

167 2815 342 2896 genuinum
357 2815 464 2880 Lucae
480 2816 678 2896 evangelium
701 2835 772 2880 cum
792 2816 923 2898 reliquis
944 2816 1103 2881 canonicis
1122 2815 1212 2897 prius
1227 2815 1298 2894 ipse
1313 2832 1400 2879 rece-

167 2905 307 3051 perant)
323 2906 389 2965 eta
409 2919 444 2967 se
465 2909 576 2983 partes
597 2903 753 2983 quasdam
773 2920 791 2968 e
811 2903 911 2967 sacris
934 2901 1101 2983 scripturis
1126 2900 1305 2966 eliminatas
1328 2917 1400 2964 esse

168 3005 230 3067 pro
254 2991 287 3051 te
310 2990 416 3051 atur.⁵
1356 3006 1357 3009 ¹

241 3176 250 3206 ¹
267 3172 395 3225 Irenaeus
414 3171 473 3225 adv.
492 3171 596 3226 haeres.
614 3173 635 3224 l.
653 3173 695 3224 20.
720 3173 781 3236 ,‚Id,
800 3172 870 3243 quod
888 3177 930 3225 est
948 3170 1095 3225 secundum
1112 3169 1215 3223 Lucam
1233 3166 1400 3236 evangelium

169 3239 367 3294 circumcidens
380 3239 522 3308 (Marcion)
536 3245 563 3293 et
574 3241 670 3305 omnia,
687 3255 755 3308 quae
768 3247 831 3295 sunt
843 3241 876 3295 de
894 3240 1065 3309 generatione
1077 3239 1185 3292 Domini
1197 3237 1356 3305 conscripta,
1375 3242 1402 3314 et

168 3308 456 3389 deUdoctrinauDomini
468 3308 555 3388 multa
566 3310 692 3362 auferens
704 3340 737 3389 .‘
750 3341 784 3350 -
797 3309 981 3390 semetipsum
997 3308 1175 3389 veraciorem,
1192 3321 1272 3375 quam
1290 3310 1353 3358 sunt
1364 3304 1401 3368 ln,

169 3393 217 3446 ‘¹¹¹¹
230 3377 1158 3514 ttttttttttttlA.⁰.⁸,-t¹ltttttt.¹ttttlltitas...
1182 3441 1349 3496 araas
1367 3441 1401 3494 11.

172 3513 231 3566 172.
255 3513 393 3567 Eichhorn
404 3513 562 3582 Einleitung
574 3464 594 3568 i
606 3515 648 3569 40.
660 3531 687 3568 se
706 3532 730 3583 q.
745 3517 785 3569 67.
796 3532 868 3584 seqq.
893 3514 1024 3568 Berthold
1035 3513 1191 3592 Einleitung
1202 3528 1229 3580 p.
1240 3509 1315 3564 1294.
1330 3525 1400 3577 seqq.

172 3582 236 3636 Chr.
251 3582 384 3636 Schmidt:
409 3583 465 3636 Das
483 3584 560 3636 echte
577 3583 679 3652 Evang.
721 3599 787 3638 noae
803 3585 832 3637 in
848 3584 966 3637 Henke's
982 3583 1108 3650 Magazm
1124 3581 1156 3634 V.
1174 3581 1199 3634 3.
1217 3596 1243 3648 p.
1256 3579 1315 3633 468.
1329 3593 1401 3646 seqq.

170 3651 335 3719 Schvogler:
348 3651 443 3705 Nacha
479 3651 538 3705 stol.
552 3652 682 3706 Zeitalter
693 3653 714 3706 l.
726 3670 752 3720 p.
764 3653 824 3706 260.
838 3667 909 3720 seqq.
931 3651 1050 3704 Ritschl:
1072 3651 1129 3702 Das
1143 3648 1246 3718 Evang.
1259 3647 1402 3701 Marcion's

172 3737 199 3773 u.
213 3719 433 3773 descanonische
471 3735 548 3790 vang.
562 3720 718 3774 desLucas.
749 3721 837 3774 Ttlbin
857 3721 977 3775 en1846.
1008 3719 1108 3772 Bauer:
1122 3717 1258 3770 Kritische
1271 3715 1402 3770 Untersu-

171 3789 301 3909 ghrffgferrl
309 3789 375 3842 uber
386 3787 429 3842 die
441 3803 534 3842 canon.
544 3789 610 3843 Evv.
623 3805 649 3858 p.
663 3788 721 3842 393.
732 3804 803 3858 seqq.
851 3787 930 3842 eller:
944 3784 1402 3856 TheologischeJabrbdchsr1848.

191 3898 197 3910 .
238 3862 277 3909 et
303 3898 309 3910 .

240 3929 252 3960 ³
269 3925 382 3979 Tertull.
399 3924 458 3979 adv.
470 3926 555 3978 Marc.
567 3924 613 3978 IV.
626 3926 665 3979 4.:
690 3925 765 3994 „Ego
782 3923 928 3978 Marcionis
947 3923 1052 3977 affirmo
1069 3923 1264 3988 adulteratum,
1282 3921 1404 3975 Marcion

171 4007 269 4047 meum.
294 3993 359 4062 Quis
371 3994 441 4047 inter
454 4009 501 4047 nos
514 3993 709 4060 determinabit,
729 3994 782 4048 nisi
792 3993 921 4060 temporis
934 3993 1010 4058 ratio,
1023 3992 1047 4045 ei
1061 3993 1248 4060 praescribens
1260 3990 1404 4044 auctorita·

171 4069 236 4127 tem,
253 4062 323 4130 quod
335 4063 469 4130 antiquius
482 4063 639 4130 reperietur,
659 4070 686 4117 et
698 4063 722 4117 ei
734 4063 922 4131 praejudicans
935 4061 1116 4127 vitiositatem,
1135 4061 1205 4129 quod
1217 4059 1350 4128 posterius
1362 4071 1404 4109 re-

171 4131 303 4186 vincetur.
327 4132 359 4252 lp
369 4131 583 4253 {quantumcprnim
594 4130 694 4253 {slsum
707 4131 842 4201 corruptio
854 4136 896 4184 est
907 4130 972 4195 veri,
985 4130 1013 4182 in
1025 4135 1131 4183 tantum
1139 4128 1285 4198 praecedat
1294 4139 1404 4180 necesse

172 4204 217 4254 est
229 4199 328 4254 veritas
352 4205 465 4254 asum.“
538 4215 580 4253 .c.
612 4241 618 4252 .

242 4272 254 4303 ⁴
271 4268 384 4323 Tertull.
398 4269 415 4322 l.
429 4285 464 4323 c:
489 4267 581 4334 „Adeo
593 4267 649 4321 anti
667 4269 727 4322 uius
740 4273 782 4321 est
793 4267 942 4333 Marcione,
961 4266 1031 4334 quod
1045 4271 1086 4320 est
1099 4265 1245 4320 secundum
1257 4278 1317 4328 nos,
1335 4266 1405 4315 utet

171 4337 232 4405 ipsc
244 4335 284 4390 illi
296 4337 417 4390 Marcion
429 4336 571 4404 aliquando
583 4285 754 4391 crediieritf‘
1266 4399 1272 4411 .

246 4409 256 4440 ⁵
274 4405 387 4459 Tertull.
400 4406 434 4460 de
446 4421 526 4458 carne
539 4405 639 4459 Christi
651 4421 673 4459 c.
686 4406 725 4459 2:
750 4405 807 4471 „Eo
824 4404 910 4474 magis
927 4409 1048 4457 mortuus
1069 4419 1112 4468 es,
1133 4417 1184 4469 quo
1202 4415 1287 4467 magis
1305 4415 1357 4454 non
1376 4412 1405 4451 es

173 4474 356 4542 Christianum
377 4475 423 4542 qui
435 4491 496 4527 cum
507 4473 615 4538 fuisses,
627 4473 758 4539 excidisti,
778 4475 847 4527 sicut
859 4479 886 4526 et
898 4473 956 4540 ipse
969 4470 1104 4526 confiteris
1117 4471 1145 4522 in
1157 4468 1272 4537 quadam
1284 4467 1406 4536 epistola,

172 4550 202 4598 et
214 4543 255 4596 tui
266 4559 318 4596 non
330 4548 430 4611 negant
441 4549 468 4596 et
480 4542 564 4595 nostri
575 4543 714 4610 probant.“

228 4631 354 4679 euvenus,
364 4629 449 4669 Introd.
460 4629 484 4668 ln
494 4629 520 4668 N.
532 4628 559 4668 Τ.
570 4629 647 4668 libros.
1151 4623 1185 4677 13
