3356 5176
778 284 1041 348 *32-

295 459 364 517 tum
379 453 494 518 Joanni
510 453 706 534 attribuisse,
722 453 871 518 nimirum
887 454 967 518 duas
983 453 1135 534 epistolas
1151 457 1184 516 et
1195 451 1409 534 apocalypsin,
1425 471 1522 532 quam

295 545 403 603 tamen
418 539 559 604 nonnulli
571 538 806 604 Catholicorum
819 538 895 617 (non
911 540 1091 603 necessario
1100 538 1328 618 Romanorum)
1340 537 1372 600 in
1388 537 1524 602 ecclesia

296 624 359 704 legi
374 623 558 688 noluissent.
590 625 804 706 Quaecunque
819 625 932 688 harum
949 623 1180 688 sententiarum
1195 621 1405 703 praeferatur,
1421 627 1523 703 patet,

296 709 419 774 auctori
435 710 515 773 duas
525 709 614 774 Petri
626 710 778 791 epistolas
790 708 889 774 luisse
901 710 1053 790 cognitas,
1071 714 1103 773 et
1114 708 1146 772 in
1159 707 1293 772 ecclesia
1306 709 1374 788 ejus
1385 709 1524 788 primam

298 793 387 858 Petri
403 795 585 859 canonicam
600 801 688 860 certo
703 795 855 860 habitam.

380 879 428 942 Ex
444 880 587 960 epistolis
602 882 712 962 itaque
727 880 820 944 Pauli
833 881 893 960 Ap.
908 879 995 944 illam
1010 880 1051 942 ad
1063 879 1239 957 Hebraeos
1256 884 1288 943 et
1304 897 1341 942 ex
1357 877 1523 942 catholicis

295 965 408 1029 Jacobi
430 983 564 1030 necnon
587 968 717 1032 tertiam
732 965 865 1030 loannis
887 965 971 1029 inter
986 965 1106 1046 scripta
1122 964 1272 1029 canonica
1294 983 1357 1028 non
1378 963 1525 1028 nominat

296 1055 416 1116 auctor.

859 1185 887 1266 ἓ.
910 1186 961 1250 25.

662 1321 692 1392 y)
713 1324 824 1374 canon
837 1322 991 1373 ecclesiae
1002 1321 1157 1382 syriacae.

381 1475 429 1538 Ex
451 1476 512 1540 hac
532 1475 684 1541 ecclesiae
704 1481 798 1556 parte
819 1477 924 1540 versio
945 1473 1094 1539 Peschito
1110 1475 1208 1554 dicta,
1233 1480 1265 1539 et
1289 1474 1316 1538 si
1339 1495 1402 1539 non
1422 1474 1526 1555 prius,

298 1567 384 1625 certe
407 1561 511 1626 medio
534 1579 616 1625 saec.
632 1561 672 1625 ll.
696 1559 854 1640 coniecta,
879 1567 911 1625 et
934 1557 1045 1624 tisibus
1066 1559 1289 1624 ecclesiasticis
1305 1560 1466 1625 destinata
1480 1560 1527 1624 ad

298 1665 355 1710 nos
377 1647 531 1727 pervenit,
555 1647 601 1712 ita
621 1651 657 1709 ut
673 1646 920 1727 consignationis
940 1645 1094 1709 librorum
1117 1645 1154 1709 N.
1171 1645 1206 1709 T.
1229 1645 1452 1710 canonicorum
1467 1645 1527 1709 de-

297 1730 416 1796 lectum
439 1739 630 1812 compenset.
673 1732 754 1796 Fere
777 1731 882 1796 omnia
904 1750 979 1796 vero
1002 1731 1235 1811 manuscripta,
1258 1731 1322 1795 irno
1346 1741 1378 1794 et
1400 1731 1527 1811 primae

264 1843 267 1853 ¹
298 1817 366 1898 ejus
382 1817 538 1882 editiones
554 1817 695 1882 Viennae
712 1817 803 1882 1555.
825 1821 857 1880 et
876 1815 1110 1896 Heidelbergae
1127 1816 1217 1879 1569.
1239 1816 1328 1896 prelo
1344 1815 1527 1880 submissae

298 1902 459 1966 continent
474 1909 612 1984 quatuor
634 1909 744 1967 nostra
766 1901 942 1982 evangelia,
966 1906 1038 1965 acta
1052 1901 1296 1981 Apostolorum,
1320 1920 1358 1965 ex
1378 1900 1526 1982 epistolis

298 1987 462 2051 catholicis
483 1988 571 2052 illam
586 1988 714 2067 Jacobi,
738 1988 874 2073 primam
889 1987 979 2051 Petri
994 1992 1026 2051 et
1041 1987 1176 2067 primam
1192 1987 1339 2066 loannis,
1365 1992 1397 2050 et
1413 2005 1525 2051 omnes

297 2072 539 2152 quatuordecim
560 2073 712 2154 epistolas
736 2072 836 2136 Pauli.
874 2071 1000 2136 Desunt
1020 2072 1131 2152 itaque
1153 2091 1190 2136 ex
1206 2071 1349 2152 epistolis
1365 2072 1447 2136 cath.
1469 2071 1525 2135 illa

297 2158 412 2236 dudae,
438 2158 578 2222 secunda
600 2157 703 2237 Petri,
731 2157 870 2222 secunda
893 2163 926 2221 et
951 2157 1048 2221 tertia
1070 2157 1204 2221 loannis
1226 2157 1384 2238 huJ'usque
1407 2175 1525 2237 apoca-

297 2242 425 2324 lypsis.¹
469 2242 506 2306 ln
526 2262 588 2306 uno
605 2242 734 2322 quidem
750 2243 858 2306 codice
872 2242 1053 2306 nominatae
1069 2261 1197 2323 quoque
1213 2247 1352 2322 quatuor
1367 2242 1525 2322 epistolae

297 2327 512 2406 inveniuntur,
537 2332 569 2392 et
591 2327 624 2391 in
645 2328 769 2392 duobus
785 2327 855 2390 ahis
870 2327 1070 2407 apocalypsis
1085 2327 1106 2391 J
1108 2327 1218 2391 oannis
1233 2327 1363 2408 legitur;
1385 2332 1437 2391 ast
1451 2347 1524 2392 ver-

298 2412 419 2476 sionem
442 2413 556 2476 horum
578 2413 732 2477 librorum
755 2411 885 2476 serioris
902 2431 972 2477 esse
988 2412 1127 2492 originis,
1150 2413 1366 2493 proprietates
1382 2413 1451 2494 ejus
1467 2413 1525 2478 do-

299 2503 388 2575 cent,
403 2503 572 2578 praeterea
585 2497 717 2562 Cosmus
726 2497 977 2578 Indicopleustes
987 2497 1157 2578 (saecvl.)
1171 2497 1277 2577 refert,
1291 2499 1388 2578 Syros
1399 2498 1526 2562 nonnisi

298 2588 365 2646 tres
381 2582 534 2663 epistolas
556 2583 728 2647 cathohcas
748 2583 901 2661 habere23
925 2588 958 2647 et
973 2582 1110 2664 denique
1125 2583 1155 2645 N
1157 2583 1325 2648 ostorianis
1342 2584 1444 2664 SyriS,
1468 2584 1525 2664 qui

279 2697 282 2702 ·
298 2668 331 2730 in
345 2667 506 2731 montibus
523 2668 659 2732 curdicis
672 2669 801 2749 degunt,
817 2686 921 2749 osque
935 2667 977 2730 ad
992 2667 1210 2732 recentissima
1224 2674 1370 2749 tempora
1384 2674 1526 2749 quatuor

299 2771 337 2816 ex
360 2753 504 2833 epistolis
527 2753 690 2818 catholicis
719 2773 782 2817 una
805 2771 877 2817 curn
899 2752 1083 2833 apocalypsi
1104 2753 1198 2834 plane
1220 2754 1398 2834 incognitae
1422 2760 1524 2833 erant,

299 2838 375 2917 quia
391 2856 555 2919 canonem,
579 2839 683 2920 qualis
705 2844 775 2904 erat
797 2844 871 2903 ante
892 2839 1126 2919 separationem
1141 2837 1182 2901 ab
1199 2839 1332 2904 ecclesia
1348 2838 1528 2904 orthodoxa

300 2923 396 3003 (saec.
412 2923 465 3004 V.)
487 2923 695 2989 retinuerunt.
711 2961 754 2968 -
777 2925 957 2989 Memorato
978 2923 1109 3004 dignum
1125 2929 1187 3003 est,
1210 2925 1243 2988 in
1264 2924 1348 2989 hunc
1371 2942 1526 2988 canonem

299 3009 452 3073 ecclesiae
477 3009 621 3089 syriacae
644 3016 805 3091 receptam
829 3028 899 3074 esse
923 3009 1090 3089 epistolam
1113 3009 1155 3073 ad
1170 3009 1336 3074 Hebraeos
1353 3016 1385 3073 et
1399 3010 1525 3089 Jacobi,

299 3112 381 3173 qnae
396 3100 534 3174 utraque
550 3095 581 3158 in
598 3113 716 3159 canone
738 3113 869 3158 romano
884 3094 1095 3157 desideratur.
1142 3094 1206 3158 Sub
1222 3094 1316 3159 finem
1339 3095 1459 3158 saeculi
1482 3095 1524 3159 Π.

300 3184 333 3242 et
347 3178 438 3242 initio
450 3179 507 3242 Ill.
521 3181 649 3244 canonis
662 3184 763 3243 testes
776 3185 863 3243 sunt:
880 3197 904 3242 s.
921 3180 1081 3257 Irenaeus,
1099 3198 1136 3243 ex
1151 3180 1228 3243 Asia
1243 3180 1357 3262 minori
1370 3180 1526 3244 oriundus

299 3268 331 3327 et
346 3263 494 3344 Lugduni
509 3263 541 3326 in
557 3263 660 3327 Gallia
676 3263 730 3343 (ab
747 3282 828 3328 anno
845 3264 1036 3346 177÷202.)
1058 3265 1239 3346 episcopus,
1261 3264 1406 3329 Clemens
1426 3265 1474 3328 Al.
1493 3271 1526 3329 et

298 3348 522 3428 Tertullianus
540 3350 594 3430 qui
610 3349 800 3413 sententiam
816 3354 848 3412 et
862 3367 955 3412 usum
968 3350 1106 3413 omnium
1119 3350 1324 3415 ecclesiarum
1337 3351 1420 3414 circa
1435 3369 1526 3414 mare

299 3435 568 3499 mediterraneum
583 3439 834 3515 repraesentant,
852 3439 884 3498 et
899 3435 954 3514 qui
970 3453 1133 3499 sacrorum
1148 3435 1302 3501 librorum
1319 3437 1431 3500 canoni
1445 3455 1525 3500 una-

205 3547 207 3552 ·
299 3519 426 3583 nimiter
449 3520 676 3585 adnumerant:
700 3525 839 3600 quatuor
862 3524 973 3583 nostra
995 3521 1177 3601 evangcha,
1200 3527 1272 3586 acta
1287 3521 1525 3602 Apostolorum,

367 3742 376 3771 ¹
393 3736 497 3806 Hugius
514 3739 697 3792 demonstrare
714 3743 839 3803 conatur,
860 3738 894 3790 Π.
907 3737 993 3803 Petri,
1014 3738 1048 3791 H.
1061 3744 1088 3791 et
1099 3737 1147 3791 ΙΙΙ.
1160 3737 1215 3804 Jo,
1236 3738 1323 3794 Judae
1340 3737 1482 3808 epistolam
1495 3747 1523 3793 et

297 3805 470 3874 apocalypsin
482 3807 515 3858 ab
528 3806 628 3874 origine
642 3806 801 3860 adfuissem
813 3807 933 3860 versione
945 3805 1077 3872 Peschito,
1097 3813 1124 3860 et
1135 3807 1206 3860 hune
1218 3809 1247 3860 in
1258 3807 1338 3862 finem
1351 3814 1477 3877 provocat
1489 3809 1524 3862 ad

299 3889 319 3926 s.
332 3873 515 3941 Ephraemum
528 3874 639 3942 Syrum,
658 3875 742 3942 quiin
754 3875 878 3942 operibus
891 3874 946 3927 suis
959 3874 1031 3927 locos
1044 3875 1172 3942 quosdam
1184 3891 1199 3928 e
1212 3877 1319 3944 scriptis
1331 3877 1474 3930 nominatis
1487 3877 1524 3929 ci-

297 3942 370 4020 tavit,
389 3942 452 4009 quin
464 3956 576 4008 graecae
588 3958 688 4020 gnarus
700 3949 778 3996 esset.
802 3942 903 3995 Verum
914 3957 1013 4009 paucos
1025 3942 1073 3994 hos
1085 3943 1157 3996 locos
1171 3959 1191 3996 s.
1204 3944 1374 4011 Ephraemus
1387 3945 1429 3998 vel
1441 3945 1523 3998 inter·

297 4009 716 4132 htt¹ltltdlltlhtmh
724 4016 935 4132 titulatus
944 4011 1162 4132 &tursiacus
1175 4013 1268 4133 3351
1276 4028 1373 4134 triti
1382 4013 1523 4135 litenis}

298 4151 377 4212 esset,
390 4146 562 4200 statuendum
573 4095 651 4210 siret,
667 4096 736 4213 quol
748 4147 792 4199 vix
803 4139 940 4215 probabile
953 4119 1001 4210 est,
1021 4146 1124 4214 Syriam
1136 4099 1295 4202 observasll
1303 4098 1408 4216 prlxlrl
1420 4099 1522 4203 ratlone

298 4215 390 4267 habita
401 4214 514 4268 aliarum
527 4214 700 4267 ecclesiarum
713 4214 791 4280 plane
805 4215 978 4282 contrariam
990 4230 1052 4266 nam
1066 4230 1134 4268 saec.
1142 4217 1185 4280 lI.,
1198 4233 1249 4284 quo
1261 4219 1446 4271 versioPesch.
1460 4233 1522 4270 con-

298 4281 369 4335 iecta
386 4290 435 4346 est,
454 4281 514 4334 illos
532 4281 614 4334 libros
632 4281 749 4334 nondum
769 4283 802 4335 ab
819 4284 940 4335 omnibus
958 4283 1061 4350 agnitos
1078 4285 1230 4351 recepisset,
1251 4285 1342 4338 seriori
1355 4292 1444 4338 autem
1456 4293 1522 4339 ten-
1586 4283 1589 4292 '

298 4349 1130 4471 ptatitullissent-’itlius’incutitis·
1144 4420 1184 4472 n
1282 4421 1334 4474 aa
1436 4421 1442 4440 =
1499 4420 1505 4438 1

298 4508 359 4558 ροις
372 4489 402 4540 δὲ
416 4485 491 4558 εἰμὴ
504 4491 532 4540 αἱ
545 4460 618 4555 apale
629 4458 714 4560 porci
730 4490 759 4539 ori
771 4459 1018 4560 rrpoylsypcylpe‘rar
1033 4489 1085 4557 οὐχ
1097 4435 1287 4561 Ῑεῐιῗρίσιὲοξῗξὶ·
1301 4429 1521 4560 ίλέᾷἰυΠὲεὲρᾳΙαξιιυζ-

298 4563 357 4625 βου,
374 4558 483 4624 Πέτρου
495 4561 538 4609 καὶ
551 4553 689 4612 Ἰωάννου-
