3428 5180
622 317 908 382 -337-

147 486 238 550 tibus
261 487 382 552 habens
406 493 439 552 et
461 487 571 554 decem
592 507 711 554 cornua
732 489 764 553 in
780 489 939 570 capitibus
961 489 1181 570 persequitur,
1204 489 1370 570 utilium,

148 591 247 652 quem
261 573 407 652 paritura
422 573 473 653 sit,
493 574 634 639 devoret.
680 575 771 639 Parit
784 575 847 654 illa,
868 573 952 638 filius
969 575 1037 656 ejus
1051 575 1083 639 in
1099 575 1222 640 coelum
1237 578 1385 657 rapitur,·

147 658 576 726 dracovictusaMichable
597 660 773 726 interram
795 661 952 743 dejicitur,
975 661 1030 724 ubi
1052 660 1176 726 mulieri
1198 661 1244 726 illi
1266 662 1370 727 denuo

148 743 249 807 struit
270 744 412 824 insidias,
436 763 518 826 quae
540 750 648 810 tamen
672 747 704 810 in
727 746 856 812 deserta
876 747 947 811 loca
968 745 1101 828 aufugit.
1146 746 1252 811 Draco
1274 747 1373 828 igitur

147 829 256 892 victus
271 829 355 909 abit,
378 835 415 893 ut
428 829 584 910 proelium
599 831 697 896 faciat
712 851 784 896 cum
798 832 929 912 reliquis
945 832 986 896 de
1001 831 1119 897 semine
1134 832 1293 912 mulieris,
1318 833 1373 914 qui

149 914 337 978 custodiunt
352 915 504 980 mandata
518 916 589 996 Dei,
605 921 638 981 11
652 918 771 982 habent
785 917 1003 983 testimonium
1017 918 1038 982 J
1040 936 1097 984 esu
1112 916 1231 982 Christi
1246 937 1271 983 c.
1289 919 1338 982 12.

237 999 363 1064 Animal
384 1019 401 1064 1
421 1001 501 1064 mari
516 1002 661 1067 ascendit
673 1002 795 1068 habens
811 1003 917 1084 capita
932 1008 1056 1084 septem
1071 1008 1104 1067 et
1119 1021 1237 1068 cornua
1252 1003 1372 1082 decem,

149 1090 185 1150 et
201 1103 299 1164 super
314 1086 393 1149 haec
408 1086 519 1150 decem
533 1087 725 1168 diademata,
742 1095 774 1152 et
789 1107 886 1169 super
901 1089 1008 1168 capita
1019 1089 1145 1153 nomina
1156 1089 1374 1170 blasphemiae

150 1171 317 1250 inscripta.
361 1171 450 1236 Haec
465 1171 570 1236 bestia
584 1174 728 1253 potentii
743 1193 763 1238 a
778 1174 915 1238 dracone
929 1174 1086 1238 instructa
1101 1193 1120 1238 a
1134 1174 1243 1238 multis
1259 1175 1373 1239 adora-

151 1263 216 1335 tur,
242 1273 378 1335 quorum
392 1257 519 1321 nomina
533 1277 596 1322 non
610 1263 685 1322 sunt
706 1260 739 1323 in
752 1258 834 1324 libro
850 1259 932 1341 agni,
954 1258 1097 1341 loquitur
1111 1260 1325 1340 blasphemias
1341 1266 1374 1324 et

149 1341 271 1406 bellum
292 1342 377 1423 gerit
399 1361 470 1407 cum
493 1344 620 1408 sanctis.
663 1344 736 1408 Alia
756 1345 861 1409 bestia
881 1357 1000 1409 'cornua
1015 1345 1078 1410 duo
1094 1345 1215 1410 habens
1230 1346 1271 1410 de
1286 1349 1374 1410 terra

151 1427 299 1491 ascendit
315 1431 347 1492 et
362 1427 483 1492 cultum
497 1428 614 1509 prioris
628 1434 795 1509 promovet
810 1449 835 1494 c.
852 1431 901 1494 13.

237 1513 366 1578 Interea
387 1532 488 1595 agnus
509 1514 542 1578 in
564 1519 670 1601 monte
686 1515 761 1580 Sion
783 1520 849 1579 stat
871 1516 993 1580 cinctus
1013 1516 1218 1581 multitudine
1233 1535 1373 1596 suorum,

151 1617 268 1662 nomen
282 1598 384 1679 ipsius
397 1599 431 1662 in
444 1598 549 1664 fronte
562 1599 757 1680 habentium,
774 1605 807 1665 et
820 1601 1008 1682 laudesDei
1023 1601 1209 1667 audiuntur:
1232 1602 1374 1684 Angelus

151 1683 264 1748 volans
283 1703 342 1765 per
360 1685 500 1750 medium
522 1686 644 1750 coelum
667 1691 776 1767 portat
799 1687 996 1768 evangelium
1020 1692 1195 1767 aeternum,
1218 1706 1375 1752 commen-

151 1771 233 1834 dans
248 1769 488 1836 illud-omuibus
503 1771 652 1852 gentibus
666 1775 781 1836 111111.
810 1771 901 1836 Ahus
916 1772 1049 1854 angelus
1064 1773 1234 1838 annunciat
1248 1772 1374 1852 lapsum

151 1855 327 1935 Babylonis
345 1875 496 1937 magnae,
519 1859 552 1921 et
571 1857 687 1921 tertius
701 1876 821 1936 poenas
836 1858 993 1922 cultorum
1008 1858 1140 1924 bestiae.
1183 1859 1221 1922 In
1236 1858 1374 1922 nubibus

153 1940 350 2021 conspicitur
363 1939 466 2022 figura
479 1941 615 2006 hominis
631 1947 742 2007 tenens
757 1941 867 2023 facem,
888 1948 920 2007 et
935 1944 1068 2025 angelus
1084 1963 1155 2008 cum
1169 1943 1264 2022 falce3
1287 1944 1375 2023 prior

152 2025 290 2091 demetit
303 2044 423 2091 messes
439 2032 554 2107 terrae,
570 2028 652 2092 alter
666 2028 841 2092 vindemiat
854 2029 1045 2093 vindemiam
1061 2035 1167 2094 terrae
1183 2048 1207 2094 c.
1225 2029 1274 2092 14.

241 2112 371 2192 Septem
386 2112 491 2194 angeli
505 2113 665 2193 prodeunt
680 2114 721 2178 de
735 2114 941 2179 tabernaculo
957 2114 1018 2180 Dei
1033 2133 1105 2179 cum
1120 2113 1244 2196 septeni
1257 2114 1374 2194 phialis

152 2197 262 2262 aureis
283 2197 385 2276 plenis
409 2198 457 2262 ira
473 2197 542 2262 Dei.
586 2199 697 2263 Effusa
712 2199 819 2281 phiala
833 2199 937 2280 prima
952 2219 1081 2264 saevum
1096 2199 1211 2264 vulnus
1226 2201 1329 2265 oritur
1342 2200 1375 2264 in

152 2282 301 2347 omnibus
323 2282 548 2348 adoratoribus
569 2284 707 2364 bestiae;
723 2285 869 2371 111111111
889 2286 1001 2367 angelo
1017 2285 1156 2368 phialam
1171 2305 1262 2350 suam
1278 2286 1376 2350 effun-

153 2369 253 2432 dente
274 2387 358 2448 aqua
382 2369 479 2433 maris
500 2369 533 2433 in
556 2369 742 2452 sanguinem
763 2375 921 2450 mutatum
948 2370 1047 2436 effusa
1068 2371 1165 2435 111111
1189 2369 1319 2435 flumina
1345 2377 1377 2436 et

153 2453 261 2517 fontes
276 2454 429 2535 sanguine
443 2454 630 2534 implentum
647 2455 763 2537 quartat
777 2456 810 2520 in
825 2457 923 2522 solem
936 2455 1037 2522 111111
1047 2456 1191 2522 homines
1203 2462 1295 2522 aestu
1304 2476 1377 2537 per-

154 2544 246 2618 eunt;
262 2540 373 2620 quinto
389 2541 501 2621 angelo
517 2540 657 2622 phialam
672 2559 763 2606 suam
778 2560 875 2623 super
889 2543 1037 2607 thronum
1052 2542 1175 2608 bestiae
1187 2543 1377 2623 effundente,

156 2625 302 2690 tenebris
323 2624 378 2689 illa
393 2625 588 2706 obvolvitur,
611 2632 644 2691 11
659 2627 797 2692 cultores
813 2628 882 2708 ejus
896 2647 975 2709 prae
990 2627 1098 2692 dolore
1113 2627 1217 2692 Deum
1230 2627 1379 2710 blasphe-

156 2715 255 2774 mant.
300 2709 412 2774 Effusa
432 2718 523 2775 sexta
541 2709 658 2776 flumen
671 2713 819 2792 Euphrat
838 2714 1030 2792 exsiccatur,
1052 2721 1089 2777 ut
1103 2713 1232 2794 regibus
1248 2714 1379 2778 orientis

159 2797 212 2860 via
226 2802 369 2877 paretur.
400 2796 535 2876 Septimi
550 2796 654 2878 angeli
668 2797 776 2878 phiala
791 2797 891 2861 1111111
906 2817 966 2862 vox
980 2817 1095 2878 magna
1110 2798 1150 2862 de
1165 2798 1252 2863 coelo
1267 2799 1379 2863 audita

162 2885 209 2944 est
223 2882 347 2946 dicens:
363 2881 497 2945 Factum
513 2887 576 2961 est3
591 2882 759 2947 horribiles
774 2887 907 2947 naturae
921 2886 1027 2946 motus
1043 2883 1260 2964 sequebantur
1271 2885 1313 2947 ad
1324 2903 1377 2949 ac·
1429 2953 1432 2958 Δ

159 2966 363 3032 celerandum
377 2966 550 3047 Babylonis
564 2966 728 3032 interitum
744 2986 768 3031 c.
786 2967 834 3031 15.
850 2972 882 3032 et
898 2967 947 3032 16.

242 3052 270 3115 Ε
290 3057 414 3132 septem
435 3051 497 3117 illis
518 3052 639 3134 angehs
659 3072 742 3117 unus
757 3052 873 3117 Joanni
891 3053 925 3117 in
945 3052 1110 3118 desertum
1124 3053 1264 3118 abducto
1280 3052 1375 3117 aliam

154 3137 298 3203 ostendit
311 3137 485 3218 mulierem,
502 3137 666 3203 sedentem
681 3157 778 3218 super
789 3137 925 3202 bestiam
937 3138 1123 3218 coccineam,
1139 3139 1264 3221 plenam
1276 3139 1376 3204 nomi-

154 3224 252 3288 nibus
267 3222 493 3303 blasphemiae,
508 3223 678 3288 habentem
693 3223 799 3304 capita
812 3228 934 3305 septem
946 3228 979 3288 et
990 3243 1108 3289 cornua
1119 3224 1238 3288 decem.
1262 3225 1377 3289 Mulier

154 3311 247 3387 haec,
262 3328 376 3373 nomen
384 3309 527 3390 Babylon
538 3309 571 3373 in
582 3307 686 3373 fronte
698 3328 820 3391 gerens
837 3309 926 3374 ebria
939 3315 1017 3375 este
1033 3310 1186 3390 sanguine
1200 3315 1376 3390 martyrum

155 3395 178 3459 J
181 3413 248 3474 esu,
265 3393 453 3474 seducitque
467 3394 603 3476 populos
618 3395 660 3458 ad
673 3393 922 3460 iomicationem.
958 3395 1099 3476 Angelus
1115 3392 1377 3476 significationem

156 3481 228 3561 ejus
245 3478 381 3560 explicat
396 3479 519 3545 dicens:
546 3484 670 3561 septem
684 3480 790 3560 capita
806 3486 929 3561 septem
944 3499 1015 3546 esse
1029 3485 1162 3560 montes,
1186 3498 1282 3561 super
1297 3500 1377 3563 quos

156 3564 274 3629 muher
288 3565 389 3644 sedet,
405 3570 438 3630 et
452 3570 576 3647 septem
590 3583 696 3646 reges;
712 3567 822 3631 decem
838 3584 957 3631 cornua
972 3584 1047 3630 vero
1063 3583 1133 3630 esse
1149 3566 1260 3631 decem
1274 3585 1376 3647 reges

157 3650 215 3732 qui
230 3650 358 3715 demum
372 3650 498 3714 venturi
513 3651 585 3730 sint,
602 3655 634 3716 11
648 3651 785 3715 bestiam
799 3651 831 3715 in
845 3651 1010 3715 interitum
1024 3650 1142 3716 vadere
1158 3670 1183 3716 c.
1201 3652 1249 3716 17.

243 3735 386 3818 Angelus
400 3735 482 3799 alius
497 3735 647 3816 prodiens
661 3736 824 3800 interitum
838 3736 1011 3817 Babylonis
1026 3735 1211 3817 proclamat,
1228 3742 1260 3801 et
1275 3757 1377 3819 popu·

156 3823 208 3886 los
231 3822 272 3886 ad
293 3821 466 3885 vindictam
489 3826 648 3886 convocat.
692 3823 729 3885 In
755 3828 842 3886 terra
866 3821 1111 3886 lamentationes
1137 3822 1312 3887 audiuntur
1337 3824 1377 3888 ob

156 3908 285 3988 lapsum
299 3905 481 3986 Babylonis,
500 3906 533 3970 in
548 3907 635 3971 coelo
650 3912 759 3972 11111
772 3907 858 3974 11111
873 3907 1013 3973 carmina
1029 3907 1069 3972 ob
1084 3905 1378 3990 appropinquantes

158 3993 235 4074 agni
249 3992 379 4073 nuptias
395 4011 419 4057 1.
437 3991 485 4056 18.
503 3997 535 4056 11
553 3993 730 4072 19,1-10.

247 4078 267 4142 J
269 4096 386 4143 oannes
400 4077 433 4142 in
448 4077 535 4142 coelo
551 4078 705 4160 conspicit
718 4079 847 4144 hero'e'm
863 4097 945 4159 equo
959 4077 1033 4143 albo
1048 4077 1248 4159 insidentem,
1264 4097 1378 4162 magno

160 4163 302 4229 exercitu
318 4163 557 4228 circumdatum.
586 4162 708 4229 Nomen
724 4165 792 4245 eJus
808 4167 871 4228 est:
887 4164 904 4230 ὁ
919 4163 1013 4249 λόγος
1023 4167 1080 4231 τοῦ
1093 4168 1185 4245 θεοῦ,
1202 4164 1378 4229 111111111

160 4249 248 4315 etin
269 4248 389 4313 femore
411 4249 564 4329 scriptum
586 4248 696 4314 habet:
723 4251 790 4314 Rex
811 4269 937 4331 regum,
964 4248 1119 4314 Dominus
1141 4249 1378 4313 dominantium.

160 4335 303 4416 Angelus
326 4334 358 4398 in
381 4334 447 4400 sole
470 4339 558 4398 stans
578 4352 654 4400 aves
675 4335 717 4398 ad
733 4354 862 4400 coenam
877 4339 1029 4400 convocat
1043 4334 1209 4398 oriundam
1225 4353 1262 4400 111
1277 4335 1379 4399 caesis

160 4421 318 4485 hostibus.
347 4419 458 4484 Bestia
473 4438 545 4485 cum
559 4420 840 4502 pseudopropheta
855 4425 888 4485 et
902 4421 1033 4485 asseclis
1048 4420 1115 4483 suis
1127 4420 1282 4500 proelium
1295 4439 1378 4484 com-

161 4506 263 4570 mittit
284 4505 437 4570 adversus
460 4505 634 4570 exercitum
656 4506 839 4586 coelestem;
862 4507 919 4571 sed
935 4507 1018 4572 victa
1033 4524 1104 4570 cum
1119 4506 1380 4588 pseudpropheta

215 4607 340 4658 (1111111111,
349 4605 433 4645 Iutrcd.
444 4606 469 4644 in
478 4606 504 4646 N.
515 4605 542 4644 Τ.
553 4604 629 4644 libros.
1142 4605 1177 4659 22
