3356 5176
355 673 404 724 Dc
415 673 593 735 originaria
604 674 783 736 scripturae
795 674 898 725 forma
910 673 945 724 in
958 673 1052 725 libris
1064 675 1108 726 lt.
1119 676 1154 725 ¹1¹.

229 827 259 902 l.
286 827 380 904 Quod
393 827 601 913 ort’qt'aariam
616 825 780 890 literarum
786 828 931 910 formam
947 829 1076 909 attinet,
1097 829 1164 911 jam
1186 835 1262 895 ante
1278 829 1368 895 Chri-

143 917 228 976 stum
242 917 320 978 nota
335 913 464 994 quidem
479 919 549 978 erat
564 913 725 994 scriptura
740 914 882 994 cursiva;
898 920 950 979 ast
963 915 996 979 in
1012 915 1140 995 scriptis
1155 915 1282 996 pubHco
1294 917 1368 980 usui

142 997 311 1063 destinatis
326 998 440 1064 hteree
454 999 579 1064 nonnisi
593 1000 745 1082 majores,
762 1001 940 1082 quadratae
955 1006 1012 1064 aut
1026 1001 1195 1080 rotundae,
1217 1021 1237 1065 a
1252 1021 1276 1066 s.
1292 1001 1368 1067 Hie-

141 1102 272 1164 ronymo
284 1085 425 1148 unciales
436 1085 552 1164 dictae,
570 1085 813 1166 adhibebantur,
830 1093 863 1151 et
873 1106 936 1152 non
948 1092 1007 1166 est,
1023 1087 1109 1168 quod
1120 1085 1158 1150 N.
1168 1087 1203 1150 T.
1219 1090 1368 1153 auctores

141 1188 160 1232 a
175 1170 406 1235 consuetudine
420 1171 578 1235 communi
593 1171 780 1237 discessisse
795 1190 1021 1253 supponamus.
1059 1172 1133 1235 ,Iota
1150 1171 1366 1258 sabamptum,

142 1273 212 1319 cum
229 1256 389 1337 scriptura
410 1257 536 1320 cursivo
556 1264 702 1338 enatum,
727 1258 778 1322 vel
800 1257 977 1322 uncialibus
999 1256 1291 1339 postscribebatur,
1317 1259 1368 1323 vel

141 1341 365 1421 omittebatnr3
386 1342 460 1406 hinc
474 1361 550 1408 num
564 1343 597 1407 in
611 1343 838 1424 protographis
853 1343 891 1407 N.
908 1343 943 1408 T.
959 1342 1114 1423 adfuerit,
1139 1350 1226 1408 certo
1242 1342 1368 1409 definiri

141 1427 259 1508 nequit.
1210 1468 1215 1477 -
1435 1425 1439 1432 ’

224 1513 254 1578 2.
286 1513 493 1578 Monumenta
507 1514 666 1594 quaedam
681 1519 756 1580 ante
771 1514 934 1579 Christum
949 1520 1081 1580 exarata
1095 1513 1215 1581 habent
1237 1515 1366 1596 quidem

139 1598 283 1682 spiratum
306 1621 451 1683 capa-m
474 1598 555 1681 (H),
576 1599 641 1666 imo
662 1600 890 1684 Aristophanes
915 1600 1012 1681 (saec.
1031 1601 1072 1664 H.
1094 1619 1122 1664 a.
1147 1600 1218 1683 Oh.)
1241 1601 1367 1683 signum

139 1683 198 1748 hoc
213 1683 385 1749 dividendo
400 1684 548 1766 spiritum
559 1703 709 1766 asperum
721 1685 779 1768 (F)
791 1691 825 1752 et
834 1686 937 1752 lenem
950 1685 963 1766 (
974 1686 1013 1770 d)
1024 1686 1183 1752 invenisse
1195 1687 1367 1766 creditur31

140 1787 211 1833 cum
237 1789 312 1835 vero
342 1769 405 1835 aha
434 1771 577 1852 ejusdem
606 1773 760 1853 temporis
789 1777 994 1838 monumenta
1021 1773 1082 1837 hoc
1111 1772 1202 1856 signo
1232 1772 1365 1854 spiritus

141 1861 286 1936 careant,
313 1874 449 1937 cumque
470 1857 543 1922 vivis
564 1857 670 1922 adhuc
687 1857 796 1939 lingua
815 1857 957 1938 abequin
972 1863 1083 1922 notum
1099 1864 1200 1938 esset,
1228 1877 1366 1939 quonam

140 1942 255 2023 spiritu
269 1940 406 2024 legenda
421 1942 484 2007 sint
498 1943 670 2024 vocabula,
694 1962 777 2024 quae
791 1962 811 2007 a
826 1942 928 2007 vocah
941 1944 1110 2023 incipiunt:
1134 1943 1290 2008 incertum
1307 1950 1366 2024 est,

139 2047 213 2092 num
228 2027 267 2092 N.
284 2028 319 2092 T.
335 2034 484 2094 auctores
499 2028 632 2110 spiritus
647 2029 739 2110 signa
753 2029 966 2093 adhibuerint.

224 2115 254 2178 3.
284 2114 453 2196 docentus,
476 2115 518 2178 ad
533 2114 702 2179 lectionem
716 2114 779 2179 rite
792 2113 1021 2180 instituendam
1035 2114 1164 2194 inventi,
1179 2113 1366 2179 tribuuntur

140 2199 365 2284 asscriptum,-
390 2205 442 2265 ast
460 2225 484 2263 a
504 2201 708 2284 Epariambs
726 2205 882 2280 testatur,
908 2205 1059 2265 accentus
1080 2201 1218 2282 primum
1236 2201 1365 2265 additos

141 2303 210 2350 esse
225 2285 329 2351 textui
343 2286 498 2351 versionis
513 2286 610 2366 Sept,
632 2290 664 2351 et
678 2286 753 2352 inde
768 2287 896 2352 demum
914 2286 1081 2351 transiisse
1100 2287 1132 2350 in
1147 2286 1186 2350 N.
1202 2286 1237 2350 T.
1253 2285 1367 2365 libros3
1385 2345 1389 2352 .

137 2371 223 2441 unde
237 2371 418 2436 verosimile
433 2391 496 2437 non
511 2377 570 2451 est,
585 2371 623 2436 N.
640 2372 675 2436 T.
692 2377 840 2437 auctores
854 2371 969 2438 iisdem
984 2391 1055 2456 esse
1070 2391 1155 2436 usos.

224 2456 253 2520 4.
285 2457 437 2538 Antiquis
462 2457 661 2540 temporibus
685 2460 845 2542 satiatura
870 2461 1018 2522 cordobae
1043 2457 1077 2522 in
1101 2462 1276 2537 usmerat,
1303 2475 1367 2537 qua

141 2561 247 2608 omnes
262 2561 356 2608 voces
371 2542 494 2624 absque
509 2542 614 2623 spatio
629 2543 713 2610 inter
728 2543 869 2626 singulas
885 2544 1013 2623 relicto,
1036 2544 1104 2608 sine
1123 2542 1187 2608 ullo
1202 2543 1367 2623 interpun-

141 2628 252 2693 ctionis
268 2629 357 2711 signo
372 2629 457 2694 inter
471 2629 647 2694 sententias
662 2630 807 2694 adhibito
821 2629 869 2693 ita
880 2630 973 2711 juxta
995 2647 1030 2694 sc
1053 2629 1303 2708 collocabantur,
1331 2634 1367 2691 ut

141 2713 294 2779 vocabula
313 2715 408 2779 unius
426 2714 530 2779 lineae
549 2734 648 2778 unum
663 2717 757 2796 quasi
772 2714 935 2781 efficerent
948 2721 1062 2780 totum.
1077 2751 1119 2759 -
1135 2715 1243 2778 Etiam
1257 2720 1367 2796 proto-

140 2799 261 2950 grapha
276 2799 315 2864 N.
331 2800 366 2864 T.
382 2819 477 2866 voces
493 2804 525 2865 et
539 2801 775 2887 propositiones
786 2801 923 2882 junctim
939 2801 1134 2881 exhibuisse,
1158 2800 1366 2881 sequentibus

138 2905 194 2965 pro
218 2890 308 2949 atur:
696 2929 699 2936 ·
744 2927 748 2934 -

223 2971 258 3053 a)
283 2970 416 3036 Codices
431 2970 646 3052 antiquissimi
665 2972 858 3052 scripturam
878 2971 1060 3035 continuam
1083 2974 1116 3033 et
1135 2969 1365 3050 interpunctio-

140 3076 210 3122 nem
226 3056 278 3122 vel
292 3057 386 3138 plane
401 3057 530 3137 nullam,
546 3056 597 3122 vel
612 3057 809 3121 rarissimam
825 3062 857 3120 et
872 3057 1108 3137 discrepantem
1124 3056 1301 3134 continent,

224 3143 257 3224 b)
280 3143 443 3208 versiones
465 3147 591 3208 veteres
614 3161 653 3208 ac
674 3143 866 3223 scriptorum
890 3142 1094 3222 antiquorum
1117 3141 1216 3206 citata
1237 3141 1270 3205 in
1294 3159 1365 3205 con-

136 3227 306 3309 jungendis
329 3234 362 3293 et
384 3229 572 3310 separandis
594 3228 724 3294 vocibus
747 3247 784 3292 ac
805 3227 1078 3309 propositionibus
1092 3246 1286 3309 magnopere
1301 3227 1366 3291 dis-

140 3314 293 3393 sentiunt,
321 3319 354 3380 et
377 3314 507 3394 PatreS,
533 3315 561 3379 si
584 3319 695 3379 contra
716 3315 896 3378 haereticos
919 3313 998 3378 ahos
1021 3313 1232 3395 conjungendi
1253 3312 1365 3377 modos

140 3404 325 3480 sequuntur,
340 3420 403 3465 non
418 3401 460 3464 ad
474 3401 694 3481 manuscripta
708 3399 907 3480 antiquiora,
923 3399 981 3464 sed
995 3399 1104 3479 potius
1119 3399 1161 3462 ad
1175 3403 1365 3480 argumenta

140 3483 262 3550 interna
285 3491 318 3550 et
341 3487 383 3550 ad
405 3485 612 3551 ecclesiarum
633 3485 759 3567 legendi
782 3484 1044 3550 consuetudinem
1066 3488 1256 3565 provocant,
1282 3503 1311 3548 v.
1334 3503 1363 3564 g.

140 3568 185 3634 Jo.
202 3572 231 3651 1,
247 3571 277 3636 3.
313 3571 403 3648 Quae
417 3573 523 3637 omnia
537 3571 589 3636 vix
605 3570 756 3652 explicari
770 3575 911 3651 possent,
928 3570 956 3635 si
971 3570 1145 3651 scriptores
1159 3568 1199 3633 N.
1215 3569 1250 3632 T.
1266 3569 1364 3633 libro-

141 3674 207 3720 mm
221 3657 482 3723 distinctionibus
497 3661 604 3724 essent
619 3657 678 3722 usi.

698 3879 727 3960 a.
751 3880 802 3946 12.

494 4017 605 4068 Prima
622 4015 780 4086 librorum
790 4016 834 4067 lt.
846 4013 880 4066 Τ.
894 4014 1005 4066 editio.

203 4171 330 4275 ‚tdlfw
346 4169 426 4236 libra’
438 4170 553 4235 dictita
568 4182 672 4254 actas,
692 4192 753 4255 qao
774 4169 844 4253 qais
863 4191 943 4253 opus
961 4191 983 4231 a
1000 4191 1033 4232 se
1044 4169 1224 4254 profectam
1238 4167 1367 4252 publici

137 4256 329 4410 faavffi)
351 4343 441 4424 libri,
466 4361 560 4423 quem
583 4326 655 4423 quis
669 4339 897 4422 Apostolorum
917 4346 1063 4421 tempore
1084 4338 1135 4404 vel
1156 4339 1225 4421 ipse
1239 4338 1290 4404 vel
1304 4358 1364 4421 per

148 4428 366 4512 calligraphum
381 4429 555 4511 scripserat
570 4432 602 4492 et
616 4446 675 4508 per
695 4432 906 4492 correctorem
929 4426 1161 4492 emendandum
1183 4430 1362 4506 curaverat,

116 4575 118 4579 v
211 4618 218 4648 ¹
235 4615 288 4670 Cir.
300 4614 506 4670 Montfauconii:
519 4612 731 4682 Palaeographia
741 4625 838 4681 graeca
850 4611 935 4666 Paris.
949 4611 1024 4666 1708.
