3314 5166
767 260 1053 326 -126—

294 435 554 516 antiquissimae,
576 451 660 514 quae
675 431 788 497 eadem
802 434 943 512 quatuor
963 429 1098 496 diversis
1119 427 1322 495 auctoribus:
1345 428 1517 509 Matthaeo,
1546 438 1549 446 ’

296 522 416 600 Marco,
432 521 540 585 Lucae
554 523 587 584 ct
601 518 622 583 J
624 517 718 582 oanni
733 516 896 582 adscribit.

381 606 411 670 2.
441 605 541 670 Actae
565 603 598 666 A
621 603 786 666 aetolorum
816 602 952 667 eundem
981 619 1052 667 cum
1082 599 1246 681 evangelio
1275 598 1372 664 tertio
1401 597 1518 664 habere

296 695 476 772 auctorem,
503 627 645 756 ostonis
659 693 727 758 tam
741 687 890 757 dictionis
906 691 939 752 et
954 685 1029 768 styli
1050 683 1248 768 aequalitas,
1275 702 1372 782 quam
1395 683 1519 782 initium

296 776 370 841 libri
384 775 470 841 illius
486 793 558 840 cum
574 773 729 854 evangelii
742 771 806 837 fine
822 777 1054 852 comparatum,
1074 787 1133 835 nec
1147 789 1210 837 non
1224 771 1385 835 dedicatro
1401 773 1519 834 utnus-

299 880 363 944 que
377 860 484 943 operis
499 859 604 926 eidem
619 858 795 940 Theophila
809 857 903 932 iacta.

382 948 411 1010 3.
440 943 695 1028 Eppuleiae,
719 966 800 1026 quac
813 944 894 1006 tator
913 942 1082 1010 cothclc'cas
1096 941 1222 1006 Joaaaa’
1231 938 1382 1025 epotato
1405 939 1520 1014 adeor-i
1610 987 1612 996 ‚

298 1031 411 1095 111111
417 1077 427 1112 ,
450 1047 531 1110 opus
547 1028 688 1094 auctoris
704 1027 860 1110 evangelii
875 1028 983 1109 quarti
997 1045 1060 1092 non
1080 1030 1214 1107 possunt
1236 1045 1299 1091 non
1321 1025 1469 1106 agnosci,
1491 1025 1521 1103 in

296 1115 401 1200 prima
416 1115 500 1180 enim
515 1113 628 1180 eadem
643 1114 843 1184 tractationis
856 1113 1026 1180 methodus
1037 1111 1185 1178 intuitive
1195 1111 1364 1191 didactica,
1379 1111 1414 1174 in
1426 1111 1521 1176 omni-
1648 1127 1649 1140 ³

297 1201 358 1268 bus
373 1219 449 1270 vero
465 1199 596 1266 eaedem
611 1199 719 1278 ideae,
741 1199 876 1280 phrases
896 1203 930 1264 et
948 1216 1059 1278 voces,
1081 1215 1166 1277 quae
1188 1196 1352 1278 evangelio
1372 1196 1522 1278 propriae
1648 1205 1649 1264 t

298 1289 382 1366 eunt,
397 1285 611 1350 inveniuntur.
634 1283 743 1350 Etiam
757 1283 964 1368 apocalypsi,
979 1282 1125 1364 quamvis
1141 1300 1222 1363 opus
1237 1282 1280 1348 sit
1290 1281 1521 1363 propheticum,

298 1370 507 1452 symbolicum
522 1388 560 1434 ac
574 1369 749 1450 poeticum,
766 1369 876 1450 etjam
890 1369 963 1436 ideo
978 1369 1173 1449 peculiarem
1187 1367 1359 1437 dictionem
1374 1367 1523 1436 exhibere

299 1455 433 1520 debeat:
454 1455 487 1518 in
500 1454 583 1519 ideis
598 1459 705 1522 111111
720 1454 796 1534 suis,
812 1454 944 1519 uocibus
959 1472 997 1521 ac
1010 1452 1183 1534 phrasibus
1199 1453 1286 1518 clara
1301 1453 1449 1533 ejusdem
1464 1453 1523 1516 111-

299 1540 382 1622 ginis
398 1559 470 1604 cum
485 1539 648 1620 evangelio
664 1544 779 1620 quarto
802 1539 990 1621 suppeditat
1010 1537 1163 1620 vestigia;
1185 1537 1300 1604 saltem
1322 1537 1402 1604 nihil
1423 1538 1522 1616 adast,

302 1625 390 1706 quod
405 1643 476 1690 eam
491 1624 546 1690 alii
561 1624 685 1690 auctori
699 1624 798 1690 tribui
812 1625 962 1706 postulet.

383 1710 414 1774 4.
446 1709 605 1774 Tredact‘m
659 1709 777 1792 hrota,
793 1733 873 1794 quae
884 1709 985 1774 Pacta·
993 1709 1141 1794 Apostoli
1151 1730 1261 1774 111111
1274 1707 1432 1806 infacete
1444 1707 1524 1772 eall

301 1795 387 1874 dent,
409 1798 573 1860 auctorem
594 1794 637 1859 ha
660 1814 714 1860 ere
734 1814 848 1875 unum,
871 1794 1030 1876 simulque
1049 1793 1211 1862 diversum
1232 1793 1344 1861 avius
1358 1794 1524 1874 hucusque

300 1879 488 1959 nominatis,
515 1881 610 1946 docet
631 1880 830 1961 cogitatuum
851 1880 1064 1960 abundantia,
1086 1878 1238 1944 tractatio
1260 1879 1523 1944 demonstrative-

301 1965 477 2044 didactics,
501 1965 629 2030 erudita
644 1971 677 2030 et
692 1965 836 2045 subtilis,
862 1965 989 2031 dicendi
1003 1965 1087 2030 ratio
1103 1964 1298 2044 concinnior,
1326 1968 1359 2030 et
1372 1964 1524 2044 phrases

301 2051 387 2133 logia
409 2050 556 2116 omnibus
577 2050 628 2114 his
649 2050 795 2133 epistolis
815 2051 991 2116 communis
1011 2069 1049 2116 ac
1067 2049 1248 2130 peculiaris.
1271 2084 1315 2094 -
1332 2049 1372 2112 11
1396 2048 1525 2132 opaea

302 2157 423 2219 qaoque
438 2135 484 2198 od
496 2135 657 2198 Hebraeos
673 2141 787 2201 cuncta
801 2137 881 2201 haec
899 2137 946 2200 ita
964 2135 1185 2214 inveniuntur,
1207 2135 1235 2203 si
1257 2133 1433 2215 quamdam
1455 2131 1525 2214 styli

301 2219 551 2300 discrepantiam
567 2220 723 2301 excipiam
746 2239 818 2286 cum
832 2226 940 2286 tamen
954 2221 1034 2285 haec
1048 2225 1106 2287 aut
1121 2219 1161 2284 ab
1177 2221 1249 2301 ipsa
1264 2218 1413 2300 opusculi
1427 2216 1525 2283 forma

209 2315 211 2320 '
302 2303 480 2386 majorique
495 2304 677 2386 diligentia,
704 2324 788 2385 quae
807 2306 840 2370 in
861 2325 899 2373 11
922 2305 1081 2371 exarando
1103 2305 1249 2370 adhibita
1271 2310 1336 2384 est,
1363 2304 1526 2370 commode

301 2390 416 2470 repeti,
432 2395 490 2454 aut
502 2389 578 2454 inde
594 2390 745 2470 explicari
758 2391 870 2471 possit,
886 2393 973 2472 quod
988 2397 1101 2456 auctor
1111 2390 1254 2458 libellum
1264 2391 1349 2454 hunc
1359 2408 1421 2470 per
1431 2388 1525 2462 alium

303 2473 507 2540 scribendum
522 2475 661 2540 curavit:
676 2495 739 2542 non
754 2482 814 2555 est,
829 2495 886 2542 cur
900 2477 1001 2542 Paulo
1016 2476 1171 2557 Apostolo
1186 2475 1437 2542 contribuatur.

388 2559 418 2624 5.
451 2559 597 2640 Denique
623 2574 732 2624 auctor
757 2560 892 2624 duorum
918 2563 1134 2645 1111111111,
1162 2583 1243 2645 quoe
1272 2561 1363 2624 Petri
1383 2557 1529 2644 Apostoli

303 2644 427 2707 111111
441 2645 664 2728 torpulentae,
680 2646 820 2726 pastoris
834 2647 945 2726 instar,
961 2646 1012 2712 cui
1027 2645 1165 2711 omnium
1181 2645 1389 2713 ecclesiarum
1400 2647 1526 2719 deman-

304 2729 382 2792 data
408 2728 451 2793 sit
476 2747 569 2808 cura,
596 2730 720 2810 sobrio,
746 2736 873 2796 maturo
898 2732 1110 2813 modestoque
1135 2732 1242 2796 studio
1266 2730 1477 2799 conservandi
1497 2733 1527 2798 ct

304 2815 452 2900 augendi
468 2812 611 2879 fidelium
636 2817 744 2897 gregis
769 2817 810 2882 ab
837 2816 909 2882 ahie
934 2817 973 2882 N.
1000 2817 1034 2880 Τ.
1061 2816 1273 2897 scriptoribus
1302 2815 1526 2898 distinguitur3

304 2899 446 2982 cpa'atolo,
463 2923 543 2984 quoa
558 2899 675 2964 Jacobo
691 2902 753 2985 Ap.
769 2901 975 2984 adscribitur,
991 2908 1123 2983 propter
1137 2901 1285 2985 idearum
1300 2900 1527 2966 sublimitatem

305 3002 377 3048 cum
399 2985 475 3066 styli
496 2985 717 3066 simplicitate,
739 2987 958 3068 popularitate
974 2992 1007 3052 et
1020 2986 1196 3069 imaginum
1210 2986 1443 3067 perspicuitate
1459 3004 1526 3050 cou-

300 3069 462 3150 junctam,
490 3076 523 3134 et
545 3069 693 3154 epistola,
720 3071 823 3136 tudae
844 3095 954 3136 111111
970 3095 1054 3156 proc
1074 3095 1108 3134 ae
1121 3071 1251 3156 foreas,
1274 3071 1315 3136 ob
1331 3070 1527 3153 cogitatuum

303 3154 472 3220 varietatis
494 3153 670 3236 delectum,
698 3155 738 3220 ob
761 3156 933 3221 dictionem
954 3157 1156 3237 impeditam,
1184 3160 1217 3222 et
1239 3156 1316 3238 quia
1337 3155 1526 3237 imaginibus

304 3239 413 3320 potius
428 3244 546 3321 turget,
562 3258 659 3319 quam
673 3246 710 3304 ut
723 3241 956 3323 perspicuitate
970 3243 1087 3322 niteat,
1103 3247 1170 3306 tam
1185 3259 1204 3305 a
1219 3241 1419 3322 seinvicem,
1436 3257 1527 3322 quau
1642 3239 1643 3262 *

305 3325 480 3474 angliqgiz
487 3324 526 3388 N.
543 3325 577 3388 T.
599 3326 727 3405 scriptis
750 3327 831 3391 adeo
854 3327 1020 3406 diffamat,
1044 3333 1081 3391 ut
1102 3325 1228 3392 duobus
1251 3327 1323 3392 aliis
1345 3325 1527 3396 auctoribus

305 3409 348 3475 tri
371 3409 404 3472 ui
442 3414 566 3474 ceant.

391 3495 455 3559 Pro
470 3495 566 3560 dictis
580 3495 692 3575 itaque
706 3494 829 3560 indoles
843 3495 999 3560 librorum
1013 3496 1052 3560 N.
1066 3497 1110 3577 T,
1126 3497 1155 3562 si
1169 3501 1338 3562 auctorum
1349 3503 1526 3577 spectemus
1642 3487 1644 3564 i

306 3596 482 3659 numerum,
499 3598 571 3646 cum
585 3579 761 3644 traditione
776 3585 926 3646 accurate
942 3582 1123 3648 concordat.
1642 3581 1643 3600 1

807 3799 811 3808 ·
869 3801 896 3884 a.
920 3803 971 3868 14.

309 3933 340 3986 8.
366 3933 525 3984 Auctores
537 3935 579 3986 N.
592 3935 638 3996 ¹1¹„
655 3937 829 3998 antequam
842 3935 967 3990 curmae
980 3950 1096 3988 nomen
1108 3937 1277 3999 dederunt,
1294 3937 1316 3990 J
1317 3937 1413 3995 uuest
1432 3936 1525 3992 crant

395 4086 531 4152 Etiamsi
546 4106 609 4152 non
624 4087 775 4153 adessent
788 4089 851 4156 loci
865 4089 886 4154 J
888 4109 915 4153 1.
933 4090 961 4169 1,
977 4088 1028 4154 35.
1044 4108 1147 4171 seqq,
1163 4090 1221 4154 Mt.
1236 4090 1272 4170 4,
1290 4090 1338 4154 18.
1354 4109 1458 4171 seqq,
1474 4085 1525 4158 ΜΓ·

309 4173 339 4253 2,
357 4173 406 4236 14.
423 4172 533 4238 11111.
550 4172 607 4236 Mt.
624 4173 653 4251 9,
669 4173 714 4252 9.,
729 4175 799 4238 Act.
817 4174 867 4253 m,
885 4176 933 4240 12.
957 4173 1037 4238 Phil.
1053 4174 1128 4253 3,5.
1144 4175 1260 4254 etalii,
1280 4179 1394 4256 utpote
1409 4175 1464 4255 qui
1476 4172 1526 4240 do·

311 4261 398 4337 cent,
414 4256 564 4337 Petrum,
579 4257 753 4338 iacobum,
769 4259 790 4324 J
791 4277 940 4340 oannem,
957 4259 1173 4338 Matthaeum,
1192 4260 1338 4326 Marcum
1352 4264 1386 4326 et
1400 4258 1526 4326 Paulum

311 4341 332 4406 J
330 4343 454 4490 (1111111111
467 4341 589 4500 iuisseN
582 4347 691 4410 natos:
714 4344 799 4410 idem
815 4365 833 4410 e
847 4343 1001 4411 librorum
1015 4343 1054 4408 N.
1070 4343 1105 4411 T.
1121 4346 1258 4411 materia
1273 4350 1307 4412 et
1326 4343 1430 4415 forma
1451 4343 1526 4411 clare

312 4444 330 4492 e
353 4445 525 4492 oceremur,
590 4447 643 4492 am

398 4513 431 4594 1)
453 4518 577 4581 tantam
597 4517 747 4582 auctores
765 4514 804 4578 N.
821 4516 856 4579 T.
877 4515 1018 4596 produnt
1037 4514 1249 4598 cognitionem
1268 4513 1526 4597 geographicas
