3356 5176
803 275 1067 354 -so-

410 445 584 527 Catalogus
605 445 656 510 hic
677 445 780 510 altera
800 450 894 525 parte
916 461 997 510 saec.
1013 445 1064 524 11,
1088 447 1121 508 et
1142 443 1271 524 quidem
1290 447 1366 524 post
1384 443 1550 524 proditum

326 531 469 595 Montani
485 532 584 611 (intra
598 550 668 595 ann.
686 531 869 610 lle-190)
885 548 922 594 eo
938 531 1067 594 consilio
1084 535 1234 594 exaratus
1256 537 1322 610 est,
1344 547 1384 592 ne
1402 529 1495 592 libris
1518 529 1550 592 in

326 616 460 682 ecclesia
471 615 598 697 publice
608 616 750 697 legendis
762 620 1006 680 accensarentur
1017 616 1107 694 tales,
1120 615 1175 696 qui
1188 614 1343 695 ejusmodi
1354 614 1551 678 auctoritate

325 721 388 766 non
402 704 580 782 gauderent
594 701 645 766 vel
659 706 766 766 essent
779 701 958 781 perniciosi,
1002 701 1144 764 Primum
1163 699 1370 781 intelligimus
1389 717 1407 763 e
1425 699 1551 763 uerbis:

326 787 509 867 „Pastorem
527 789 706 871 aspernante
729 787 914 870 temporebus
936 787 1052 848 nosm's
1073 789 1106 849 t'a
1121 786 1196 848 urbe
1210 786 1313 848 Roma
1327 786 1465 846 Hermas
1482 806 1551 845 con·

326 873 453 961 sore‘psc't
477 871 601 934 sedente
626 867 686 953 (in)
714 869 862 934 cathedra
887 871 975 934 orba
995 871 1115 934 Romae
1141 869 1290 934 eeclesiae
1312 870 1370 932 Pt'o
1394 870 1551 953 episcopo,

317 957 427 1104 ltu
441 953 1391 1106 stittttlt1tattltlttttttttt..titt
1401 956 1555 1122 ,ittet

257 1141 258 1146 ’
327 1128 471 1190 haeresin
486 1128 661 1190 Marcianas
681 1090 915 1210 et'altbplura,
937 1149 1017 1211 quae
1037 1130 1072 1188 o'a
1094 1126 1280 1189 catholicam
1294 1125 1398 1209 recipi
1407 1147 1472 1186 non
1482 1145 1554 1208 pos-

327 1224 415 1294 6661)
421 1211 478 1296 fel
493 1212 574 1276 eram
590 1235 658 1275 oum
673 1211 765 1274 melle
780 1212 907 1274 6666666
919 1234 981 1274 noa
997 1213 1166 1296 coaqraitf‘
1188 1211 1277 1276 Idem
1288 1215 1380 1291 patet
1391 1228 1429 1273 ex
1441 1209 1555 1273 obser-

326 1299 464 1378 vatione,
490 1301 653 1378 pastorem
674 1296 814 1362 Hermae
839 1295 990 1376 privatim
1015 1297 1153 1378 quidem,
1179 1314 1241 1360 non
1263 1313 1338 1360 vero
1361 1296 1393 1360 in
1414 1295 1554 1359 ecclesia

327 1383 455 1464 publice
474 1383 537 1464 legi
556 1401 652 1463 posse
665 1382 749 1446 inter
763 1387 938 1462 prophetas
953 1389 1010 1447 aut
1024 1385 1108 1446 inter
1121 1381 1302 1462 Apostolos,
1331 1380 1555 1461 Distinguitur

328 1488 405 1550 ergo
425 1473 537 1548 pastor
559 1486 579 1532 a
600 1467 690 1532 libris
709 1467 742 1532 in
761 1467 896 1532 ecclesia
909 1468 1110 1549 publicandis
1126 1473 1159 1532 et
1172 1468 1205 1532 in
1220 1467 1385 1532 ecclesiam
1400 1465 1553 1546 receptis.

326 1609 377 1616 ...ω--
385 1607 530 1614 -...-—--

329 1702 493 1741 enarremus.
522 1685 626 1739 Eadem
643 1692 721 1739 nocte
737 1684 883 1739 revelatum
899 1687 1024 1739 Andreae
1041 1702 1075 1739 ex
1092 1685 1233 1754 apostolis,
1253 1691 1284 1738 ut
1299 1684 1555 1753 recognoscentibus

330 1757 418 1810 euntis
432 1755 572 1823 (cunctis),
589 1753 700 1807 loannis
713 1757 763 1822 (es)
776 1769 824 1806 suo
840 1755 946 1807 nomine
962 1761 1059 1808 cuncta
1075 1754 1246 1808 describeret.
1270 1753 1307 1805 Et
1323 1754 1383 1807 ideo
1394 1753 1454 1806 licit
1470 1753 1554 1820 (licet)

329 1825 403 1878 varia
420 1823 532 1892 singulis
549 1823 745 1890 evangeliorum
764 1823 895 1890 principia
912 1823 1072 1888 doceantur,
1090 1821 1156 1876 nihil
1173 1829 1263 1875 tamen
1279 1823 1369 1875 (1111616
1385 1821 1555 1874 credentium

329 1894 405 1958 fidei,
422 1908 483 1946 cum
499 1908 551 1946 uno
563 1907 594 1944 ac
606 1891 747 1960 principali
759 1891 855 1959 spiritu
867 1891 1005 1944 declarata
1021 1892 1114 1944 sintin
1125 1891 1247 1944 omnibus
1259 1891 1347 1943 omnia
1358 1890 1391 1942 de
1402 1892 1555 1954 nativitate,

330 1963 363 2014 de
374 1959 506 2030 passione,
524 1960 558 2013 de
569 1957 772 2024 resurrectione,
789 1960 822 2012 de
839 1961 1037 2012 conversatione
1049 1975 1110 2013 curn
1122 1959 1252 2027 decipulis
1265 1959 1425 2030 (discipulis)
1438 1959 1509 2024 auis,
1526 1973 1556 2009 ac

330 2030 363 2083 de
379 2030 484 2098 gemino
500 2029 559 2096 ejus
577 2027 704 2081 adventu:
725 2028 811 2096 primo
824 2031 895 2095 (uel)
907 2028 935 2080 in
947 2028 1097 2080 humilitate
1114 2027 1250 2095 dispectus
1263 2027 1379 2096 (desp),
1400 2027 1475 2094 quod
1492 2025 1520 2078 fo

261 2127 269 2148 ι
330 2098 411 2166 (fuit),
423 2103 570 2150 secundum
584 2098 655 2164 (usl)
668 2101 801 2164 potestate
813 2096 897 2163 regali
908 2096 1076 2164 praeclarum
1089 2098 1174 2164 (us'c),
1191 2097 1260 2162 quod
1273 2095 1390 2148 loturum
1403 2093 1554 2161 (iuturusl)

330 2171 380 2218 est.
411 2165 482 2231 Quid
498 2179 561 2232 ergo
579 2165 689 2228 mirum,
711 2165 734 2217 61
745 2164 863 2218 Joaunes
880 2171 935 2216 tam
947 2171 1100 2218 constanter
1111 2164 1217 2231 singula
1229 2165 1308 2216 ctiam
1321 2163 1349 2215 in
1360 2163 1488 2230 epistulis
1501 2163 1555 2214 suis

332 2232 458 2301 proferat,
471 2233 562 2284 dicens
574 2232 602 2283 in
614 2247 685 2284 seme
693 2235 725 2300 (t)
733 2232 794 2299 ipsu
807 2235 867 2299 (m):
881 2232 972 2298 „Quae
983 2233 1097 2286 vidimus
1110 2233 1194 2286 oculis
1205 2233 1303 2285 nostris
1316 2240 1344 2285 et
1355 2232 1467 2284 auribus
1480 2229 1555 2284 audi·

331 2301 425 2366 vimus,
447 2308 475 2353 et
486 2315 581 2352 manus
593 2308 699 2353 nostrae
711 2307 897 2368 palpaverunt,
915 2304 983 2353 haec
995 2301 1175 2369 scripsimus.“
1205 2301 1248 2354 Sic
1266 2300 1336 2353 enim
1352 2315 1405 2352 non
1417 2299 1507 2352 solum
1519 2299 1554 2351 vi-

333 2385 422 2422 surem
435 2370 543 2437 (orem),
556 2368 603 2420 sed
617 2370 672 2436 (se)
684 2374 712 2421 et
723 2367 879 2434 auditorem,
893 2367 939 2421 sed
952 2374 979 2421 et
991 2369 1147 2436 scriptorem
1160 2369 1277 2421 bmnium
1288 2368 1451 2420 mirabilium
1463 2367 1555 2419 Donni-

332 2453 382 2490 nus
395 2438 429 2506 (i)
444 2452 493 2504 per
508 2436 628 2490 ordinem
645 2435 793 2503 profitetur.
825 2438 895 2489 Acta
909 2442 998 2489 autem
1015 2438 1132 2490 omnium
1150 2436 1329 2504 apostolorum
1346 2437 1395 2490 sub
1414 2451 1470 2488 uno
1489 2435 1555 2488 libro

332 2505 433 2572 scripta
453 2510 522 2558 sunt.
556 2504 643 2557 Lucas
664 2505 763 2572 optime
782 2506 818 2573 (o)
837 2504 984 2572 Theophila
1008 2507 1043 2573 (o)
1062 2505 1221 2571 comprindit
1239 2503 1472 2572 (comprehendit),
1494 2503 1555 2570 quia

333 2578 444 2642 (quael)
458 2574 507 2626 sub
518 2573 671 2640 praesentia
682 2573 741 2639 eJ'us
753 2573 859 2642 singula
875 2574 1049 2640 gerebantur,
1067 2573 1145 2626 sicuti
1164 2579 1191 2626 et
1202 2580 1302 2626 semote
1314 2573 1469 2640 passionem
1482 2573 1556 2624 Petri

333 2642 469 2695 evidenter
489 2641 616 2706 declarat,
634 2639 682 2694 sed
701 2642 892 2708 protectionem
908 2641 985 2694 Pauli
1005 2643 1039 2696 ab
1056 2641 1129 2695 Urbe
1150 2640 1184 2694 ad
1204 2641 1330 2708 Spaniam
1350 2640 1555 2708 proficiscentis.

333 2709 474 2777 Epistulae
486 2715 575 2762 autem
587 2709 672 2774 Pauli,
690 2723 765 2776 quae,
783 2723 862 2777 aquo
874 2708 931 2763 loco
943 2709 985 2762 vel
997 2725 1049 2777 qua
1061 2725 1094 2762 ex
1107 2724 1189 2762 causa
1206 2708 1306 2762 directe
1319 2711 1371 2776 (ae)
1385 2709 1447 2774 sint,
1463 2709 1556 2762 volun-

333 2779 433 2831 tatibus
448 2778 618 2846 (volentibus)
629 2776 786 2846 intellegere
798 2778 917 2846 (hgere)‚
933 2778 1008 2845 ipsae
1025 2777 1170 2831 declarant.
1198 2777 1317 2830 Primum
1333 2778 1452 2830 omnium
1465 2778 1557 2830 Corin-

333 2847 403 2900 theis
416 2847 469 2915 (iis)
488 2861 591 2915 scysme
604 2847 746 2916 (schisma)
764 2847 883 2900 haeresis
900 2847 1075 2912 interdicens,
1095 2846 1221 2913 deinceps
1238 2845 1354 2898 Calactis
1367 2845 1495 2914 (Galatis)
1508 2846 1557 2898 cir-

334 2915 494 2977 cumcisione
507 2918 575 2984 (m),
591 2914 718 2968 Romanis
736 2922 827 2968 autem
839 2915 930 2968 ordine
943 2916 1172 2983 (scripturarum),
1190 2915 1237 2967 sed
1253 2922 1280 2966 et
1291 2913 1452 2982 principium
1464 2929 1557 2966 earum

333 3000 393 3038 esse
405 2984 541 3037 Christum
552 2984 687 3048 intimans,
699 2984 835 3050 prolexius
845 2983 936 3051 (ixius)
947 2984 1061 3052 scripsit,
1073 2983 1106 3036 de
1119 2983 1214 3050 quibus
1227 2983 1333 3036 sineolis
1344 2981 1435 3050 (gulis)
1446 2996 1558 3035 necesse

334 3059 376 3106 est
393 3052 500 3105 anobis
519 3052 658 3119 disputari.
687 3051 754 3104 Ourn
770 3054 828 3120 ipse
846 3053 941 3105 beatus
958 3052 1094 3118 apostolus
1105 3051 1205 3104 Paulus
1218 3065 1331 3118 sequens
1342 3050 1558 3118 praedecessoris

335 3122 375 3174 sui
387 3121 404 3172 J
406 3121 498 3172 oannis
510 3121 629 3173 ordinem
640 3120 746 3172 nonnisi
761 3119 917 3172 nominatim
933 3126 1063 3188 semptem
1075 3122 1205 3188 (septem)
1218 3119 1339 3172 ecelesiis
1351 3118 1453 3171 scribat
1465 3119 1558 3171 ordine

334 3189 394 3240 tali:
416 3188 609 3241 Aecorenthios
631 3187 685 3252 (Ad
705 3187 834 3256 Corinth.)
855 3187 950 3255 prima,
969 3192 1005 3240 ad
1024 3187 1157 3254 Ephesios
1178 3187 1301 3252 seconde,
1321 3187 1355 3239 ad
1374 3186 1557 3254 Philippinses

334 3259 433 3326 (enses)
445 3256 532 3320 tertia,
545 3256 578 3308 ad
592 3256 763 3309 colossenses
775 3262 876 3322 quarta,
889 3255 923 3307 ad
936 3255 1045 3309 Galatas
1057 3256 1157 3323 quinta,
1168 3256 1203 3309 ad
1217 3255 1448 3308 Teusalonicensis
1461 3255 1558 3322 (Thes-

335 3325 526 3392 salonicenses)
539 3329 623 3389 sexta,
635 3323 670 3376 ad
681 3323 815 3376 Romanos
828 3324 954 3392 septima3
966 3340 1059 3378 verum
1071 3324 1214 3377 Corinthiis
1227 3332 1255 3376 et
1263 3323 1557 3386 Thessalonicensibus,

334 3394 398 3448 lieet
409 3409 458 3460 pro
470 3393 635 3460 correptione
648 3394 768 3456 iteretur,
781 3407 835 3445 una
845 3399 935 3445 tamen
947 3408 995 3460 per
1007 3408 1111 3446 omnem
1123 3393 1213 3445 orbem
1226 3398 1314 3445 terrae
1327 3393 1440 3445 ecclesia
1453 3391 1558 3444 dellusa

336 3463 415 3530 (diff.)
428 3477 487 3515 6666
502 3461 657 3540 denoscitur
668 3460 772 3529 (dign).
807 3459 845 3512 Et
861 3461 978 3540 loannes
992 3461 1065 3540 enim
1081 3461 1109 3513 in
1124 3461 1284 3540 apocalapsy
1301 3460 1478 3529 (apocalypsi)
1495 3461 1558 3512 licet

336 3527 1557 3666 ttettlttattttttettetttttttnltttttlllttttettnttt

335 3674 424 3719 tamen
435 3666 563 3718 ecclcsiae
575 3665 730 3731 catholicae,
746 3667 774 3718 in
786 3665 950 3720 ordinatione
962 3665 1142 3720 ecclesiastice
1154 3668 1207 3733 (ae)
1220 3665 1359 3733 discipline
1372 3667 1425 3734 (ae)
1438 3665 1556 3720 sanctifi·

248 3745 254 3756 ·
337 3740 395 3787 cate
406 3741 477 3788 sunt.
498 3734 688 3788 Ferturetiam
700 3734 935 3801 adhaudecenses,
948 3735 1001 3788 alia
1012 3734 1250 3788 adAlexandrinos
1256 3734 1335 3788 Pauli
1344 3734 1449 3787 nomine
1460 3735 1557 3787 finctae

337 3802 436 3870 (fictae)
449 3801 484 3854 ad
495 3801 618 3855 haeresin
630 3803 786 3868 Marcionis,
803 3808 830 3855 et
846 3802 899 3856 aha
910 3803 1001 3870 plura,
1019 3817 1087 3870 quae
1104 3803 1134 3855 in
1144 3802 1302 3856 'catholicam
1314 3803 1454 3856 ecelesiam
1467 3801 1556 3868 recepi

338 3870 441 3990 (recip3)
454 3885 507 3922 non
518 3875 607 3936 potest
620 3872 779 3938 (possuntl).
798 3870 848 3923 Fel
860 3872 930 3924 enim
942 3887 1003 3924 66111
1014 3871 1094 3924 malle
1105 3871 1211 3924 misceri
1221 3887 1274 3924 non
1287 3871 1415 3939 congruit.
1433 3871 1557 3938 Epistola

337 3953 401 3992 sane
436 3938 489 3992 ude
509 3941 562 4007 (ae)
579 3944 606 3991 et
624 3938 814 4006 superscriptio
831 3939 873 4007 (ti)
886 3940 997 3992 Joannis
1015 3941 1082 3994 duas
1100 3942 1153 4008 (ae)
1170 3940 1198 3992 in
1218 3941 1349 3994 catholica
1368 3940 1510 4003 habantur,
1531 3943 1557 3990 et

338 4007 469 4075 sapientia
480 4007 514 4060 ab
526 4007 620 4060 amicis
633 4007 781 4060 Salomonis
793 4007 820 4059 in
831 4008 958 4062 honorem
970 4009 1054 4075 ipsius
1067 4009 1178 4075 scripta,
1196 4009 1356 4077 apocalapse
1369 4008 1555 4077 (apocalypsis,

336 4079 395 4142 661)
408 4075 488 4128 etiam
499 4076 517 4128 J
518 4075 611 4129 oannis
624 4078 641 4142 (,
653 4077 685 4144 l).
708 4075 746 4128 Et
757 4075 830 4129 Petri
841 4083 946 4130 tanturn
957 4077 1109 4144 recipimus,
1126 4091 1205 4144 quam
1217 4079 1323 4146 quidem
1336 4079 1400 4146 (am)
1412 4093 1446 4130 ex
1457 4075 1556 4130 nostris

327 4145 389 4216 legi
400 4144 429 4197 in
440 4143 554 4198 ecclesia
564 4143 666 4196 nolunt.
690 4144 828 4197 Pastorem
839 4161 901 4198 vero
912 4147 1064 4213 nuperrime
1076 4146 1240 4213 temporibus
1251 4147 1349 4200 nostris
1360 4147 1388 4199 in
1399 4145 1556 4200 nrbeRoma

336 4215 437 4267 Herma
446 4215 498 4280 (as)
507 4213 673 4279 conseripsit,
686 4212 795 4266 sedente
807 4214 935 4267 cathedra
945 4213 1125 4268 urbisRomae
1137 4215 1328 4279 ecclesiaePio,
1338 4217 1461 4283 episcopo
1472 4214 1555 4266 fratre

336 4283 407 4350 ejus3
426 4288 453 4334 et
464 4282 524 4335 ideo
536 4281 589 4349 legi
601 4296 661 4333 eum
673 4280 779 4347 quidem
792 4289 902 4348 oportet,
921 4297 950 4335 se
961 4283 1097 4349 publicare
1109 4285 1211 4336 veroin
1223 4285 1337 4338 eeclesia
1348 4284 1453 4351 populo,
1470 4295 1555 4348 neque

336 4353 406 4404 inter
415 4351 547 4417 prolattas
557 4349 674 4429 (phetas)
685 4349 845 4416 completum
856 4352 906 4418 (os)
916 4366 1035 4414 numero,
1047 4365 1132 4418 neque
1141 4353 1211 4405 inter
1219 4353 1353 4420 apostolos
1362 4354 1390 4404 in
1398 4352 1479 4404 finem
1489 4356 1554 4402 tem·

337 4435 431 4487 porum
443 4426 539 4486 potest.
562 4419 670 4471 Arsinos
682 4424 772 4470 autem
784 4434 832 4471 seu
844 4419 979 4471 Valentini
991 4420 1033 4472 vel
1045 4419 1174 4474 Miltiadis
1190 4421 1256 4472 nihil
1268 4421 1295 4473 in
1307 4427 1392 4474 toturn
1404 4420 1554 4486 recipimus,

337 4489 382 4556 qui
398 4489 480 4542 etiam
496 4504 592 4542 novum
609 4487 772 4555 psalmorum
789 4487 884 4540 librum
898 4488 1028 4542 Marcioni
1047 4490 1269 4557 conscripserunt.
1305 4489 1426 4543 Unacum
1437 4487 1553 4540 Basilide

337 4558 481 4614 Assianum
494 4559 715 4628 (Assianorum‘l)
728 4555 898 4626 Gatafryoum
912 4556 1064 4626 (phrygum)
1077 4560 1277 4612 constitutorem
1329 4560 1514 4628 (reJicimus‘l).
