3314 5166
553 331 840 396 -163—

95 506 153 586 jam
167 521 189 567 s.
205 503 387 568 Matthaeus
401 502 480 568 talia
495 503 636 583 omittat,
657 502 740 567 ratio
755 502 807 567 vix
822 501 886 567 alia
907 501 1042 583 cogitari
1063 505 1188 582 potest,
1212 518 1308 581 quam

97 589 186 654 trisse
201 607 239 653 ea
252 588 424 654 lectoribus
438 588 650 670 illius'primis
666 589 843 653 domestica
857 605 896 652 ac
909 587 1044 667 proinde
1059 592 1145 651 nota.

172 674 387 740 Paucissimae
408 676 441 738 in
464 673 627 756 evangelio
650 678 760 739 nostro
783 674 896 739 obviae
911 672 1134 738 hebraicorum
1149 671 1311 737 nominum

98 765 126 824 et
138 760 303 824 verborum
318 760 560 841 explicationes,
584 759 684 824 veluti
699 759 875 824 immanuel
891 759 925 839 1,
948 759 998 822 23.
1016 763 1048 823 et
1062 757 1130 838 Eli,
1154 757 1207 821 Eli
1228 756 1313 821 lama

98 845 273 910 sabachtani
287 846 339 925 27,
354 847 405 910 46.
422 848 613 912 sententiam
628 850 770 910 nostram
781 865 844 909 non
855 849 1012 924 evertunt,
1028 863 1100 908 curn
1112 843 1189 908 addi
1200 848 1314 924 potue-

97 931 153 994 rint
166 949 185 994 a
199 950 314 1012 graeco
331 931 489 996 Matthaei
503 931 693 1013 interprete,
717 930 773 1012 qui
787 950 901 996 nornen
915 929 1009 1010 illud,
1025 935 1063 993 ut
1076 929 1257 1010 proprium,
1273 928 1314 993 ab

97 1017 173 1080 lsaia
187 1017 366 1081 adhibitum
381 1036 510 1083 servare
524 1017 640 1097 voluit,
664 1023 697 1081 et
712 1017 831 1082 Christi
845 1017 879 1081 111
902 1035 995 1080 011100
1015 1015 1184 1096 pendentis
1206 1016 1314 1094 verba,

96 1121 130 1166 ne
150 1103 316 1183 sequentia
338 1113 446 1169 essent
467 1104 620 1182 obscura,
647 1103 789 1184 pandere
805 1103 843 1167 eat
857 1101 965 1184 lingua
986 1102 1112 1181 debuit,
1139 1107 1316 1183 quaerant

96 1187 228 1269 prolata,
251 1193 284 1255 et
306 1193 376 1253 tum
393 1188 474 1253 illud
488 1193 558 1253 tum
572 1189 652 1253 haec
671 1188 704 1252 in
718 1207 812 1253 usum
826 1188 983 1253 lectorum
997 1205 1186 1269 graecorum
1201 1205 1316 1268 graece

97 1273 246 1355 exphcare
261 1279 478 1356 opportunum
498 1275 629 1339 censuit.
674 1274 810 1338 Frustra
831 1274 928 1339 etiam
947 1278 1175 1355 opponeretur,
1197 1273 1316 1337 aMat-

96 1359 182 1423 thaeo
197 1360 249 1439 22,
265 1361 316 1424 23.
333 1361 498 1441 adnotari,
521 1361 727 1425 Sadducaeos
742 1379 878 1441 negasse
893 1367 1093 1424 mortuorum
1108 1358 1317 1424 resurrectio-

96 1463 175 1522 nem;
190 1445 251 1510 hoc
263 1447 346 1511 enim
361 1447 510 1511 omittere
525 1447 613 1511 haud
622 1446 738 1527 potuit,
754 1464 827 1510 cum
837 1445 917 1527 ipsis
930 1444 1225 1510 Palaestinensibus
1237 1444 1317 1509 Sad-

97 1531 283 1596 ducaeorum
294 1531 414 1613 placita
424 1552 487 1596 11011
497 1532 545 1596 110
555 1532 682 1613 cognita
694 1535 810 1612 essent,
822 1538 860 1596 ut
872 1533 1049 1596 sententiae
1060 1531 1317 1596 Pharisaeorum.

96 1615 200 1696 Neque
212 1615 335 1705 Ἰησοῦς
350 1619 378 1698 1,
394 1618 444 1681 21.
460 1618 522 1682 huc
537 1618 686 1698 pertinet,
703 1618 778 1699 quia
793 1618 905 1682 addita
919 1618 1031 1681 verba:
1051 1617 1146 1701 „Ipse
1162 1616 1319 1680 601111661-

98 1725 159 1764 oum
171 1701 280 1787 faciet
288 1705 442 1802 populum
457 1727 548 1766 auum
563 1727 583 1764 a
594 1707 737 1788 pcccatis
753 1705 877 1767 eorum“
900 1704 1036 1767 nominis
1051 1702 1072 1767 J
1075 1720 1132 1768 esu
1152 1702 1319 1781 rationem,

99 1805 153 1852 non
167 1807 244 1854 vero
261 1787 505 1870 exphcationcm
521 1789 692 1854 continent.
829 1849 834 1862 ,

173 1875 202 1938 2.
231 1875 394 1940 siveram
409 1879 472 1956 est,
494 1875 581 1955 quod
596 1874 720 1955 antiqui
734 1873 874 1939 unanimi
890 1891 1046 1938 consensu
1067 1874 1214 1954 tradunt,
1236 1873 1319 1966 Mat-

98 1958 218 2025 thaeum
230 1959 376 2024 1161101116
388 1961 408 2025 i.
421 1980 447 2026 e.
460 1960 712 2042 syro-chaldaice
725 1978 781 2025 seu
796 1959 955 2025 aramaice
971 1959 1146 2040 scripsisse,
1162 1978 1224 2025 nou
1239 1958 1320 2024 alios

98 2043 224 2111 lectores
239 2047 404 2127 proximos
420 2065 601 2128 supponere
615 2045 703 2125 licet,
727 2047 789 2110 nisi
803 2045 1078 2125 Palaestinenses,
1102 2045 1219 2127 quibus
1240 2045 1320 2110 haec

98 2131 249 2197 dialectos
263 2132 434 2197 vernacula
450 2138 521 2197 erat
536 2137 568 2196 et
583 2131 676 2197 valde
691 2132 842 2197 adamata
859 2130 942 2212 (0011.
958 2131 1029 2195 Act.
1045 2131 1096 2211 21,
1111 2132 1250 2212 40-22,
1265 2132 1319 2214 2.).

173 2220 202 2284 3.
232 2218 271 2282 Si
285 2219 451 2284 Matthaeo
467 2237 530 2283 non
541 2217 632 2304 ‚aliud
649 2223 719 2281 erat
735 2217 910 2297 consilium,
935 2217 1005 2296 uisi,
1031 2223 1068 2280 ut
1083 2236 1156 2282 mox
1170 2217 1321 2299 probabi-

98 2307 159 2383 tur,
184 2304 425 2384 demonstrare,
452 2304 565 2369 Jesum
587 2321 658 2368 esse
675 2304 827 2368 Messiam
847 2305 880 2369 in
896 2303 933 2367 V.
949 2303 984 2366 F.
1000 2303 1209 2389 prondssum,
1235 2304 1322 2369 idem

99 2389 213 2454 nonnisi
227 2390 274 2454 de
288 2390 462 2456 lectoribus
477 2389 629 2471 proximis
645 2389 777 2471 originis
788 2390 938 2472 judaicae
953 2389 1089 2471 cogitari
1103 2389 1271 2470 permittit.

647 2611 676 2693 §-
697 2612 768 2679 113.

300 2747 477 2800 consutum
490 2762 514 2798 s.
528 2747 688 2801 Matthaei
705 2748 741 2799 tn
754 2748 924 2810 evangelio
936 2749 1119 2800 scribendo.

175 2901 407 2984 Evangelistae
436 2902 537 2968 nostri
562 2921 625 2967 non
650 2902 693 2966 ad
718 2901 821 2966 instar
844 2902 1072 2967 hodiernorum
1098 2901 1323 2966 historicorum

102 2987 301 3070 diplomatioe
316 2995 499 3054 accuratam
514 2989 672 3053 adornant
693 2987 877 3067 historiam3
899 2988 1024 3068 potius,
1046 2987 1122 3051 dum
1144 2987 1324 3052 doctrinam

102 3074 296 3140 salutiferam
315 3092 335 3139 a
351 3075 478 3141 Christo
500 3074 720 3155 praedicatam
742 3093 800 3155 pro
822 3072 885 3138 fine
907 3092 965 3138 suo
988 3072 1143 3155 peculiari
1164 3077 1325 3155 exponunt

103 3165 130 3222 et
142 3160 299 3241 mysteria
320 3162 411 3242 regui
432 3160 530 3226 divini
550 3160 710 3242 pandunt,
736 3160 861 3225 nonnisi
882 3160 1043 3240 picturae,
1069 3159 1217 3241 imaginis
1239 3160 1326 3223 vitae

103 3244 173 3310 lesu
189 3245 314 3311 Christi
329 3247 606 3312 adumbrationem
622 3245 780 3311 exhibent.
824 3247 862 3310 ln
877 3245 983 3328 specie
998 3263 1074 3310 vero
1089 3246 1266 3309 Matthaeus
1284 3244 1326 3309 ad

102 3328 189 3396 finem
202 3332 297 3397 illum
312 3350 516 3398 communem
526 3332 762 3413 assequendum
780 3353 818 3394 ea
838 3332 937 3394 solam
959 3332 1061 3414 dicta,
1074 3331 1172 3416 facto
1185 3331 1326 3418 fataque

103 3417 172 3481 «Iesu
194 3418 375 3503 insigniora
395 3421 580 3502 6606190606
601 3418 711 3501 voluit,
738 3441 819 3502 quac
840 3417 1099 3500 demonstrarent,
1127 3418 1236 3480 Jeaana
1261 3438 1326 3479 csse

105 3501 248 3566 Messiam
259 3526 318 3587 per
332 3504 463 3567 oraculo
485 3505 517 3568 V.
533 3504 570 3567 F.
579 3504 789 3589 prometheum,
816 3526 916 3588 acque
936 3503 1036 3565 aliem
1056 3525 1121 3566 6006
1144 3513 1326 3586 6660166100-

104 3585 178 3652 dum.
221 3587 255 3652 N
256 3608 297 3654 on
311 3607 392 3670 pure
406 3589 602 3670 historicum,
618 3607 722 3670 neque
736 3607 824 3652 mere
839 3588 1071 3668 dogmaticum,
1086 3587 1145 3652 sed
1158 3587 1328 3653 historico-

104 3671 294 3739 didactieum
310 3691 381 3740 esse
395 3675 456 3740 hoc
470 3693 568 3757 opus,
591 3681 624 3740 et
638 3676 680 3738 ad
696 3692 828 3755 scopum
842 3674 1040 3739 nominatum
1061 3674 1210 3755 tendere,
1233 3674 1328 3739 docet

104 3761 166 3822 tum
180 3765 406 3842 argumentum
421 3761 499 3843 ejus,
515 3765 583 3826 tum
598 3759 700 3826 forma
715 3765 749 3825 et
763 3760 896 3824 occasio.

185 3848 212 3910 1.
245 3846 339 3922 Quod
355 3860 571 3930 argumentum
586 3847 711 3925 attinet,
727 3851 842 3910 auctor

185 3932 220 4015 a)
243 3932 264 3997 J
267 3949 357 3996 esum
372 3932 459 3998 sistit
474 3951 492 3996 e
505 3932 640 3997 Davidis
654 3931 775 3996 famiha
790 3936 896 3996 ortum
907 3928 947 4010 (6.
962 3930 1014 4012 1.),
1030 3930 1221 3996 miraculoso
1234 3931 1328 3996 modo

106 4017 327 4098 perspiritum
342 4036 366 4082 s.
383 4023 571 4098 conceptum
587 4023 620 4082 et
634 4036 654 4081 a
668 4014 791 4098 iirgine
802 4015 1003 4082 Bethlehemi
1017 4022 1128 4081 natum
1140 4016 1255 4099 (ibid),
1270 4036 1329 4097 per

108 4101 229 4166 stellam
244 4103 362 4168 exteris
384 4103 626 4184 annunciatum,
649 4121 691 4167 ex
701 4103 848 4185 Aegypto
871 4108 1056 4168 revocatum
1080 4107 1112 4167 61
1126 4101 1329 4167 Nazarethae

108 4186 276 4254 educatum
290 4187 331 4270 (0.
347 4190 408 4272 2.);
427 4209 486 4271 per
507 4207 750 4271 praecursorem
769 4188 960 4271 prophetam
981 4189 1014 4252 in
1035 4188 1144 4254 orbem
1166 4187 1329 4253 introduc-

108 4275 172 4336 tum
194 4279 228 4339 et
249 4293 287 4342 eo
308 4275 378 4356 ipso
393 4281 539 4357 tempore
552 4274 680 4356 publice
694 4293 916 4357 progressum,
945 4291 1008 4355 quo
1023 4275 1163 4340 loannes
1177 4273 1214 4337 B.
1230 4272 1330 4337 maxi-

109 4373 189 4422 mam
205 4361 400 4426 excitaverat
411 4361 550 4426 Messiae
565 4361 835 4440 exspectationem
848 4359 887 4441 (6.
899 4360 962 4441 3.);
978 4359 1193 4441 quadraginta
1204 4359 1330 4424 dierum

107 4440 222 4524 Jejunio
251 4447 293 4512 ad
314 4464 430 4512 munus
448 4451 678 4528 praeparatum
704 4444 744 4525 (0.
765 4447 826 4528 4.);
860 4447 893 4510 in
913 4445 1058 4510 Gahlaea
1076 4445 1277 4526 ignorantiae
1298 4449 1330 4509 et

111 4531 219 4596 mortis
233 4532 383 4598 tenebras
402 4532 530 4598 luminis
552 4530 720 4597 clarissimi
741 4532 843 4596 instar
864 4530 1036 4612 pellentem
1061 4529 1109 4611 (4,
1134 4531 1184 4595 12.
1208 4531 1330 4613 seqq.);

111 4617 290 4700 perspicuo,
311 4619 402 4702 gravi
418 4624 451 4684 et
465 4618 556 4684 suavi
571 4617 706 4682 docendi
720 4618 815 4682 modo
830 4617 952 4682 clarum
968 4622 1001 4682 et
1015 4617 1123 4682 divina
1137 4617 1332 4684 auctoritate

1074 4716 1126 4771 11*
