3428 5180
869 311 932 376 346
975 347 1042 356 ..-

817 546 934 602 CAPUT
952 547 986 600 11.

778 649 898 703 Historia
909 649 1025 705 canonia.

293 799 314 842 4.
335 795 374 839 17.
399 793 466 852 Quid
479 796 516 838 est
529 791 625 852 Canon,
640 791 704 838 liber
717 793 852 840 eanonicus
865 798 890 840 st
902 794 1076 855 apocryphus?
1124 828 1426 842 ........
1480 799 1511 843 22

293 869 313 910 5.
335 864 374 908 18.
399 861 541 920 Qnotuplex
554 861 705 919 scriptorum
718 863 748 907 N.
762 862 789 908 Τ.
804 863 893 910 classis
905 863 994 922 primis
1006 863 1065 910 fidei
1077 863 1185 909 saeculis
1199 864 1342 910 exstititt.
1379 897 1384 906 .
1422 897 1427 908 .
1481 867 1511 912 23

294 932 372 978 §.19.
400 930 493 988 Quales
507 928 567 975 libri
580 928 612 975 ab
626 930 734 976 eeclesia
747 931 874 977 catholica
886 933 912 977 in
925 931 1052 978 Cononem
1064 931 1256 979 referebantur?
1296 966 1301 976 .
1338 967 1343 976 .
1381 967 1385 976 .
1422 970 1427 978 .
1481 937 1512 980 24

294 1004 314 1048 5.
335 1000 374 1045 20.
398 998 470 1045 Unde
494 997 663 1057 cognoscitur,
685 999 786 1058 quinam
808 999 867 1046 libri
889 1000 914 1046 in
936 1001 1044 1047 diversis
1066 1001 1179 1048 ecclesiis
1197 1001 1222 1046 in
1238 1000 1363 1047 Canoncm
1377 1001 1429 1046 sint

397 1066 489 1113 relati?
534 1100 1429 1118 ......................
1482 1072 1512 1117 26

533 1205 555 1249 l.
577 1203 693 1249 Historia
706 1203 815 1251 Canonis
828 1219 905 1264 usque
918 1207 950 1252 ad
963 1205 1095 1252 concilium
1108 1207 1246 1253 Nicaenum
1258 1207 1276 1252 1.

333 1307 374 1351 21.
399 1305 425 1361 a)
446 1303 531 1350 Canon
543 1306 574 1350 N.
588 1305 616 1350 T.
630 1309 742 1365 tempore
754 1308 935 1366 Apostolorum
959 1342 1258 1356 ........
1267 1317 1301 1357 ⁴.
1339 1348 1343 1356 .
1381 1344 1384 1352 .
1423 1345 1429 1356 .
1482 1311 1512 1355 27

333 1376 373 1419 22.
398 1372 426 1430 b)
446 1369 533 1419 Canon
546 1374 648 1419 Petrum
661 1376 858 1434 apostolicorum
916 1411 1429 1426 .............
1482 1403 1513 1410 -

333 1443 373 1488 23.
399 1441 424 1499 c)
445 1441 612 1488 Canonsaec.
628 1443 658 1486 lI.

438 1509 466 1566 α)
488 1509 512 1556 S.
526 1510 623 1557 ‹lustini
636 1511 756 1570 Martyris
791 1545 1430 1562 ................
1484 1516 1515 1561 28

333 1580 372 1624 24.
439 1577 467 1643 β)
487 1577 573 1624 Canon
587 1579 839 1626 ccclesiaeromanae
874 1618 879 1629 .
917 1618 922 1629 .
956 1593 961 1602 ·
960 1616 1430 1631 ............
1484 1583 1513 1630 29

333 1647 372 1693 25.
438 1646 467 1714 y)
487 1646 708 1694 Canonecclesiae
722 1650 837 1708 syriacae
873 1683 1432 1700 ..............
1485 1653 1514 1698 32

334 1717 373 1762 26.
399 1716 427 1774 d)
447 1715 532 1762 Canon
546 1717 610 1762 saec.
623 1717 669 1764 ΙΙΙ,
684 1721 709 1764 et
720 1717 793 1768 initio
806 1717 857 1778 IV„
873 1719 1009 1777 etquidem

445 1783 472 1842 a)
493 1784 613 1831 ecclesiae
625 1785 811 1832 Alexandrinae
836 1819 1430 1836 ...............
1486 1789 1513 1834 33

332 1854 371 1901 27.
444 1853 471 1914 β)
491 1851 692 1902 CancuEusebii
749 1888 1431 1904 .................
1487 1858 1514 1903 34

332 1923 371 1969 28.
444 1923 466 1966 2.
485 1922 601 1967 Historia
614 1921 723 1968 Cononis
738 1936 752 1968 a
765 1924 870 1968 concilio
883 1924 993 1971 Nicaeno
1005 1925 1025 1970 1.
1038 1939 1115 1986 usqne
1133 1926 1165 1972 ad
1183 1925 1315 1972 concilium
1328 1925 1432 1971 Triden-

486 1990 565 2035 tinum

333 2059 373 2104 29.
440 2059 464 2104 3.
482 2057 631 2104 Declaratio
644 2059 744 2105 concilii
756 2056 900 2106 Tridentini
913 2062 943 2108 de
957 2060 1057 2109 Conone
1090 2094 1432 2110 .........
1485 2063 1513 2106 41

333 2129 372 2174 30.
397 2127 494 2173 Causae
508 2126 642 2173 dubiorum
654 2128 680 2173 in
692 2128 801 2188 antiquis
815 2130 929 2176 ecclesiis
942 2131 972 2176 de
985 2131 1134 2190 quibusdam
1146 2133 1178 2177 N.
1191 2132 1219 2177 T.
1231 2130 1305 2176 libris
1341 2165 1345 2175 .
1384 2166 1390 2177 .
1426 2167 1432 2177 .
1484 2153 1515 2161 —-

332 2197 372 2240 31.
398 2196 463 2242 Fata
475 2195 596 2241 librorum
609 2197 834 2243 ecclesiasticorum
849 2201 873 2244 et
885 2199 1086 2258 apocryphorum
1132 2209 1138 2245 ἱ
1173 2233 1433 2247 .......
1484 2199 1514 2243 43

333 2265 372 2310 32.
397 2265 463 2310 Fata
475 2263 595 2311 librorum
609 2265 785 2312 canonicorum
797 2266 863 2313 inter
874 2267 1040 2315 heterodoxos
1085 2299 1429 2316 .........
1481 2267 1512 2313 45

293 1313 314 1355 5.

294 1382 312 1422 ἓ.

293 1449 313 1493 5.

293 1585 313 1628 5.

293 1654 313 1697 5.

293 1722 313 1766 5.

291 1859 311 1902 5.

292 1929 312 1970 5.

292 2065 313 2107 5.

293 2133 312 2176 5.

293 2201 312 2243 5.

293 2269 313 2312 5.

810 2430 928 2485 CAPUT
949 2432 997 2485 HI.

590 2531 709 2585 Historia
720 2537 810 2586 textus
822 2533 860 2602 A)
873 2533 1056 2602 manuscripti¹
1070 2539 1097 2588 et
1109 2535 1215 2604 quidem

801 2651 970 2695 samonaos
988 2655 1006 2694 1.

768 2737 852 2792 relate
868 2738 903 2792 ad
921 2737 1042 2794 formam.

294 2887 314 2929 t.
334 2881 374 2928 33,
399 2880 553 2940 Conspectus
578 2915 1432 2940 .....................
1482 2885 1513 2930 47

293 2955 314 2997 t.
333 2951 373 2998 ³4.
400 2951 421 2996 1.
438 2949 480 2998 De
491 2950 570 2997 variis
582 2949 703 3007 materiis,
720 2950 827 2998 diversis
840 2950 995 3010 temporibus
1008 2953 1041 2999 ad
1053 2952 1214 3000 scribendum
1226 2953 1348 3000 adhibitis
1384 2988 1390 3000 .
1427 2986 1433 2999 .
1483 2977 1516 2984 —

295 3023 315 3066 t.
334 3019 375 3066 35.
400 3020 423 3066 2.
441 3018 482 3064 Dc
494 3019 625 3067 literarum
638 3024 663 3066 et
676 3019 833 3066 voluminum
847 3020 928 3066 forma
939 3024 1037 3068 mutata

584 3156 607 3202 3.
626 3156 666 3202 De
678 3157 752 3203 varia
765 3151 927 3204 textus'sacri
941 3157 1074 3217 divisione,
1093 3159 1230 3219 etquidem

295 3264 316 3306 ὅ.
335 3259 375 3303 36.
445 3255 471 3315 a)
489 3272 534 3316 per
546 3271 636 3304 vocum
649 3259 834 3318 separationem
848 3265 873 3306 et
883 3260 1095 3319 interpunctionis
1108 3262 1181 3321 signa
1216 3296 1434 3309 ......
1488 3261 1519 3307 4a

294 3333 315 3374 t.
333 3327 373 3372 37.
441 3325 470 3383 b)
488 3340 534 3386 per
546 3332 727 3388 anagnosmata
740 3332 765 3374 et
777 3329 908 3387 pericopas
955 3363 1433 3377 ............
1488 3331 1519 3376 51

294 3400 315 3442 5.
335 3396 375 3442 38.
445 3394 469 3453 c)
490 3409 535 3454 per
548 3388 682 3460 κεφάλαια
695 3400 720 3442 et
732 3394 849 3453 τίτλους,
863 3411 908 3455 per
920 3398 1005 3457 capita
1018 3401 1043 3444 et
1055 3413 1142 3446 versus
1171 3432 1434 3445 .......
1488 3398 1520 3444 53
1550 3417 1552 3422 ·

297 3468 316 3514 5.
335 3463 376 3509 39.
402 3465 425 3512 4.
444 3464 625 3524 Inscriptiones
638 3469 663 3511 et
676 3464 877 3525 subscriptiones
919 3500 1434 3517 .............
1488 3466 1520 3512 55

616 3629 735 3683 Historia
746 3634 836 3684 textus
850 3631 1033 3698 manuscripti,
1050 3631 1195 3700 etquidem

801 3751 970 3792 admoneus
984 3751 1013 3791 11.
1093 3795 1099 3808 ⁸

497 3841 621 3902 respectu
634 3836 760 3888 materiae
773 3851 820 3890 seu
832 3835 865 3889 de
882 3835 1025 3890 lectionum
1036 3837 1195 3891 variantium
1208 3837 1315 3907 origine.

297 3984 315 4027 s.
335 3978 375 4024 40.
401 3976 558 4035 Conspectus
581 4011 1180 4027 ...............
1181 3961 1183 3965 ¹
1217 4013 1432 4029 ......
1489 3979 1522 4026 56

449 4081 489 4125 De
499 4079 689 4136 mutationibus,
702 4095 765 4140 quae
778 4083 796 4128 1.
810 4083 837 4127 in
851 4082 966 4129 omnibus
979 4086 1060 4129 textus
1073 4083 1211 4142 speciebus,
1229 4083 1366 4142 etquidem

353 4168 374 4210 1.
402 4168 423 4212 1.
443 4164 611 4211 indeliberata
623 4169 693 4211 ortae
706 4173 763 4213 sunt
791 4200 1431 4215 ................
1488 4168 1520 4213 57

352 4235 374 4281 2.
401 4235 423 4279 2.
444 4233 558 4280 consulto
572 4234 653 4279 sactae
666 4240 724 4280 sunt
747 4268 1177 4283 ...........
1194 4266 1195 4269 ¹
1215 4269 1433 4281 ......
1487 4229 1521 4282 59

355 4305 378 4348 3.
402 4302 436 4358 Α)
454 4301 608 4348 Mutationcs
621 4317 634 4348 e
647 4303 730 4349 causis
743 4304 940 4350 hormensuticis
954 4307 1024 4349 ortae
1043 4337 1433 4352 ..........
1487 4327 1523 4335 -

355 4374 378 4417 4.
404 4369 437 4427 Β)
454 4371 732 4418 Mutationesscansis
745 4371 897 4431 dogmaticis
909 4372 990 4418 factae
1047 4405 1434 4419 ..........
1491 4372 1524 4417 60

353 4443 376 4486 5.
401 4440 440 4484 De
453 4439 635 4485 mutationibus
648 4444 739 4498 textus,
754 4455 817 4499 quae
830 4441 863 4486 11.
878 4445 961 4486 certae
973 4440 1070 4499 regioni
1083 4446 1107 4488 et
1120 4441 1196 4488 aetati
1208 4439 1329 4500 originem
1343 4440 1437 4486 debent
1491 4441 1521 4484 61

336 4509 376 4555 46,
402 4509 442 4553 De
454 4507 635 4554 mutationibus
646 4513 741 4566 textus,
761 4523 824 4567 quae
836 4509 880 4554 111.
894 4509 919 4553 in
936 4508 1042 4566 singulis
1056 4507 1108 4566 ejus
1120 4509 1286 4555 monumentis
1305 4512 1329 4554 et
1340 4507 1435 4566 specie-

402 4575 448 4622 bus
462 4582 597 4622 evenerunt
622 4608 1433 4626 ....................
1491 4577 1524 4626 63

334 4168 350 4212 4

335 4237 350 4280 4

336 4373 351 4417 4

335 4442 349 4484 4

296 4172 315 4214 5.

295 4241 315 4283 5.

296 4309 315 4351 5.

297 4378 317 4420 5.

297 4446 316 4488 5.

297 4513 316 4558 5.
