3314 5166
794 312 1058 376 .-g4-.

309 487 451 554 tionibus
466 485 640 568 propositis
655 485 716 549 sibi
732 483 918 563 reservavit,
935 483 992 548 sed
1008 483 1105 548 etiam
1120 482 1251 564 proprio
1266 487 1370 546 marte
1385 480 1536 546 lectiones

310 573 363 638 hic
377 572 422 637 ibi
438 571 682 636 determinavit1
697 575 731 636 11
745 569 892 651 plagulas
909 587 927 633 1
941 568 1031 650 prelo
1045 585 1235 650 progressas
1250 567 1320 648 ipse
1335 565 1504 631 correxit.²
1591 571 1596 588 ¹

397 657 487 722 Haec
502 656 615 734 editio,
631 673 712 720 anno
729 655 821 720 1589.
837 654 1030 718 annunciata
1045 659 1077 719 et
1092 653 1132 718 ab
1149 653 1285 718 eruditis
1300 651 1394 716 avide
1410 669 1537 734 exspec-

312 748 381 806 tata
395 742 517 823 prodiit
531 760 613 806 armo
630 740 722 805 1590.
738 759 801 804 una
820 759 891 805 cum
912 739 1089 820 praemissa
1109 739 1210 803 bulla:
1249 739 1428 811 ‚Antenora
1448 735 1538 818 ille“,

311 828 343 892 in
359 846 423 908 qua
437 828 479 891 ad
494 830 702 908 praeceptum
716 825 838 891 decreti
849 825 1028 890 Tridentini
1039 824 1209 889 emendata
1221 828 1254 888 et
1265 819 1452 886 authentica
1464 821 1538 886 Vul-

314 917 409 994 gatae
425 911 523 977 editio
538 912 714 992 proposita,
730 910 894 976 declarata
910 915 942 975 et
957 909 1081 974 sancita
1096 914 1153 974 111.

399 998 519 1062 Verum
544 1015 625 1078 opus
650 997 711 1062 hoc
740 996 939 1061 eruditorum
969 995 1067 1060 etiam
1092 995 1309 1060 Romanorum
1337 999 1539 1073 nequaquam

312 1101 404 1147 omne
418 1082 493 1146 tulit
507 1087 675 1162 punctum,
696 1101 758 1146 non
773 1081 902 1162 quidem
917 1081 958 1166 ob
972 1080 1074 1144 multa
1089 1080 1158 1161 typi
1173 1083 1281 1144 errata
1295 1077 1447 1158 (quorum
1463 1097 1538 1143 non-

312 1167 430 1232 1111140
445 1168 701 1232 numerabantur
711 1173 745 1231 et
758 1166 852 1248 plura
867 1165 987 1232 calamo
1003 1166 1107 1230 autin
1122 1164 1282 1230 schedulis
1296 1163 1456 1244 impositis
1471 1181 1538 1227 cor·

312 1259 401 1318 recta
416 1253 538 1334 erant),
560 1253 617 1317 sed
633 1251 673 1316 ob
688 1252 818 1316 nimiam
832 1250 1030 1332 libertatern,
1052 1251 1103 1315 cui
1118 1251 1227 1315 Sixtus
1241 1250 1274 1313 in
1289 1248 1539 1314 correctionibus

312 1338 379 1402 suis
398 1337 539 1401 indulsit.
585 1337 692 1414 Quare
716 1336 886 1422 drepanius
905 1335 964 1399 XI
967 1337 999 1400 V.
1021 1335 1111 1400 brevi
1135 1339 1209 1416 post
1235 1333 1423 1400 electionem
1449 1351 1539 1398 suam

313 1423 356 1502 (5.
372 1422 560 1487 Decembris
577 1422 684 1503 1590.)
699 1440 813 1487 novam
828 1421 968 1486 instituit
983 1422 1124 1487 virorum
1145 1420 1344 1486 eruditorum
1356 1437 1538 1500 ,congrega-

314 1508 446 1586 tionem,
474 1508 514 1571 ab
539 1507 630 1571 initio
658 1526 675 1571 e
701 1525 757 1571 serr
778 1506 1000 1572 Cardinalibus
1022 1512 1055 1570 11
1075 1525 1093 1571 1
1114 1505 1282 1571 duodecim
1304 1504 1538 1569 consultoribus

314 1592 531 1673 compositam.
575 1592 700 1656 Horum
714 1611 881 1656 censorum
897 1598 981 1658 erat:
1003 1591 1189 1670 restituere,
1206 1608 1288 1671 quac
1303 1589 1459 1670 inpriore
1474 1589 1538 1654 edi-

315 1678 401 1741 tione
415 1677 574 1741 immerito
590 1678 708 1741 omissa
722 1674 821 1755 fuere,
838 1696 920 1757 quae
934 1695 1104 1758 perperam
1119 1680 1272 1754 assumta,
1288 1693 1444 1754 resecare,
1461 1675 1538 1739 etin

314 1763 420 1843 specie
441 1763 598 1827 rationem
617 1762 736 1827 habere
763 1762 911 1827 editionis
931 1763 1147 1852 lovaniensis.
1199 1760 1392 1826 Censoribus
1419 1760 1538 1825 dissen-

313 1846 467 1912 tientibus
482 1866 534 1912 res
549 1848 591 1912 ad
606 1846 793 1912 Pontificem
815 1853 885 1912 erat
905 1847 1081 1912 referenda.
1127 1846 1302 1928 Gregorius
1322 1851 1445 1924 tamen,
1466 1845 1538 1910 licet

314 1933 417 1997 serius
438 1933 480 1996 ad
501 1951 582 2013 opus
601 1933 844 1998 accelerandum
865 1951 1033 1998 censorum
1053 1933 1220 1996 minuisset
1239 1934 1427 1996 numemm³
1448 1931 1539 1996 etad

316 2016 553 2082 festinationem
567 2017 747 2097 incitasset,
768 2025 872 2084 morte
886 2018 1041 2099 abreptus
1057 2017 1234 2080 Innocentio
1250 2016 1305 2080 IX
1305 2065 1325 2094 .,
1349 2024 1382 2080 et
1397 2016 1459 2080 hoc
1476 2017 1538 2097 jnm

312 2108 387 2184 post
398 2103 479 2167 duos
491 2121 616 2167 menses
626 2101 702 2167 fatis
713 2102 835 2183 iuncto,
853 2103 1008 2166 Clementi
1025 2102 1110 2166 VIII.
1123 2101 1254 2183 reliquit
1264 2103 1425 2181 honorem,
1440 2101 1539 2166 labori

312 2189 387 2252 huic
407 2185 502 2251 finem
522 2188 725 2268 imponendi⁴
747 2195 779 2252 et
799 2189 972 2254 editionem
993 2189 1195 2253 emendatam
1215 2186 1408 2267 publicandi.
1453 2187 1539 2251 Haec

279 2339 282 2350 ,
316 2272 414 2336 editio
429 2290 493 2335 una
508 2291 580 2337 cum
595 2272 682 2337 bulla
698 2272 871 2338 Clementis
885 2273 1007 2354 prodiit
1021 2275 1142 2338 Romae
1165 2273 1257 2337 1592.
1277 2272 1329 2336 iol.
1352 2271 1411 2346 suh
1432 2271 1537 2337 titulo:

314 2356 427 2419 Bc'bia'o
446 2379 541 2418 socna
570 2355 719 2443 Vulyaioe
740 2357 886 2420 editionis
907 2357 994 2420 Sancti
1016 2357 1050 2420 V.
1095 2359 1133 2420 P.
1154 2358 1198 2420 M.
1218 2359 1315 2441 ‚phaon
1337 2357 1497 2441 recognito
1515 2369 1539 2418 et

318 2439 483 2504 Clcrnentie
505 2441 593 2505 VIII.
609 2443 792 2505 auctoritate
808 2442 899 2506 edita.
923 2443 960 2506 In
972 2443 1165 2508 editionibus
1178 2441 1352 2507 serioribus
1364 2460 1435 2505 ann.
1450 2442 1537 2506 1593.

317 2526 408 2590 1598.
431 2531 464 2590 11
486 2526 577 2590 1768.
593 2527 762 2591 nonnullae
783 2528 996 2594 correctiones
1016 2529 1147 2593 additae
1167 2534 1250 2592 sunt.
1295 2527 1448 2603 Quamvis
1468 2546 1537 2591 vero

316 2631 356 2675 ne
369 2611 404 2675 in
418 2611 478 2675 hac
498 2611 626 2692 quidem
648 2612 787 2678 editione
807 2614 911 2678 versio
927 2613 1068 2695 Vulgata
1089 2614 1281 2695 originariae
1301 2612 1436 2694 puritati
1457 2617 1537 2677 esset

317 2696 482 2760 restituta:
511 2696 545 2761 id
560 2703 668 2762 tamen
684 2697 831 2762 effectum
847 2705 910 2777 111,
936 2705 973 2762 ut
988 2704 1090 2778 certa,
1116 2698 1208 2762 firma
1223 2705 1256 2763 et
1271 2703 1420 2762 constans
1435 2701 1537 2762 textus

316 2780 407 2844 latini
427 2782 470 2845 ad
489 2800 567 2846 usus
588 2783 822 2847 ecclesiasticos
843 2784 1111 2848 determinaretur
1129 2783 1245 2862 forma,
1273 2791 1306 2848 et
1326 2803 1345 2847 a
1366 2801 1490 2846 summa
1508 2783 1536 2845 in

317 2867 451 2931 ecclesia
466 2867 658 2932 auctoritate
672 2867 706 2931 ‘rn
720 2874 912 2949 perpetuum
926 2869 1064 2933 valitura
1079 2869 1266 2933 sanciretur.

404 2951 554 3016 Ceterum
575 2953 603 3017 si
624 2959 735 3018 nostra
757 2955 861 3019 versio
883 2954 1023 3036 Vulgata
1045 2973 1116 3018 cum
1137 2954 1246 3018 codice
1265 2954 1443 3032 Amiatino,
1470 2971 1535 3016 cum

318 3038 553 3102 commentariis
574 3056 597 3102 s.
614 3037 800 3119 Hieronymi
820 3041 852 3103 in
875 3058 985 3121 evang.
1002 3039 1160 3104 Matthaei
1183 3044 1215 3103 et
1238 3040 1271 3102 in
1286 3058 1334 3119 ep.
1351 3039 1393 3102 ad
1409 3036 1535 3102 Galatas

318 3128 529 3202 comparetur,
545 3123 780 3204 discrepantiae
794 3125 919 3188 nonnisi
933 3125 1063 3188 minoris
1079 3125 1231 3189 momenti
1245 3125 1458 3202 inveniuntur,
1472 3143 1499 3186 y.
1510 3141 1535 3202 g.

316 3208 350 3304 in
364 3208 600 3356 ρῗί1ὲ11111110111
615 3209 845 3288 particularum
862 3213 910 3288 et,
926 3215 1049 3287 autem,
1070 3210 1103 3273 in
1118 3228 1231 3273 vocum
1246 3209 1494 3290 transpositione
1508 3213 1535 3270 et

318 3311 389 3357 srmr
436 3310 484 3356 us.

388 3483 395 3512 ¹
414 3476 472 3528 Hac
485 3475 513 3528 in
525 3490 554 3528 re
567 3475 745 3528 consultorem
757 3476 878 3529 adhibuit
889 3477 1023 3530 eruditum
1035 3477 1209 3530 Franciscum
1222 3477 1346 3531 Toletum
1358 3493 1373 3531 e
1384 3478 1410 3530 S.
1420 3477 1445 3531 J.
1459 3477 1536 3530 serius

320 3543 496 3608 cardinalem,
509 3543 660 3612 Augustino
671 3544 761 3597 Rooca
777 3560 839 3598 vero
856 3547 984 3598 correctio
997 3553 1024 3599 et
1035 3546 1092 3615 typi
1104 3546 1214 3599 directio
1227 3553 1285 3599 erat
1297 3545 1464 3600 demandata.
1487 3543 1536 3598 Un-

319 3611 414 3730 garetii
426 3611 444 3664 l.
457 3628 479 3664 c.
494 3612 575 3665 evita
587 3611 656 3664 Sixti
665 3611 697 3665 V.
711 3613 864 3666 aGhislieri
876 3615 976 3681 scripti
987 3614 1053 3667 hacc
1066 3623 1171 3667 narrat:
1185 3614 1327 3679 „Ceterum
1339 3615 1397 3682 ipse
1410 3614 1499 3668 Sixtus
1507 3611 1535 3664 V.

343 3719 349 3731 .
362 3679 400 3731 M.
414 3695 475 3732 cum
487 3695 535 3746 per
547 3695 606 3733 eam
618 3680 830 3734 emendationem
843 3681 893 3735 sibi
906 3682 1023 3735 -haud
1036 3681 1202 3740 satisfactum
1215 3682 1350 3750 plerisque
1362 3682 1390 3734 in
1398 3682 1536 3735 Bibliorum

320 3746 386 3799 locis
398 3747 554 3812 censuisset,
567 3764 601 3801 ex
612 3749 719 3816 proprio
732 3755 825 3814 marte,
842 3750 980 3803 humiliter
992 3750 1032 3802 illi
1042 3749 1195 3818 refragante
1208 3750 1344 3804 cardinali
1356 3750 1469 3815 Caralis,
1486 3763 1537 3801 cor-

322 3819 423 3867 rectam
435 3813 579 3881 Vulgatam
590 3816 619 3868 in
630 3816 718 3870 lucem
730 3816 861 3870 Vaticana
873 3818 961 3870 emisit
972 3818 1171 3886 impressione.“

389 3887 399 3916 ²
417 3882 449 3934 In
465 3881 552 3936 bulla:
576 3886 726 3948 „Aeternus
745 3885 807 3938 ille“
821 3885 912 3938 Sixtus
929 3887 987 3954 ipse
1003 3886 1081 3939 dicit:
1107 3886 1280 3954 „linqueres
1298 3902 1349 3953 quo
1362 3887 1447 3954 magis
1459 3886 1536 3938 incor-

321 3956 400 4053 rupti
411 3948 757 4086 1111111111
768 3954 1536 4075 1111111191ἳὲ1111191111ἑῖ

320 4085 432 4150 diunales,
443 4086 536 4138 Barth.
549 4087 681 4153 Miranda,
693 4089 776 4142 Andr.
791 4089 925 4154 Solvaner,
938 4091 1001 4142 Ant.
1014 4089 1111 4157 Agelli,
1123 4089 1190 4144 Rob.
1202 4089 1391 4156 Bellarminus,
1403 4088 1536 4150 Valverda,

320 4153 394 4233 irael.
407 4153 535 4219 Landius,
548 4155 577 4206 P.
590 4155 711 4209 Marinus
724 4163 752 4235 et
763 4160 832 4225 Aug.
845 4157 942 4222 Rocca,
959 4157 1039 4211 theol.
1053 4157 1174 4212 doctores
1193 4165 1220 4211 et
1232 4158 1384 4226 linguarum
1397 4158 1536 4227 cognitione

320 4222 1102 4370 lnglgieiiieririiisirmdatlriirmsdididziniiiurir:pAirgii'alerii
1114 4292 1187 4347 Frid.
1197 4294 1352 4347 Borromaei
1363 4301 1391 4347 et
1402 4293 1537 4362 praecipue

321 4357 557 4481 Francrsgcffiolctr
569 4308 693 4413 iaborem
709 4360 744 4414 ad
760 4360 841 4414 finem
857 4361 984 4429 perduxit
999 4361 1086 4415 medio
1098 4377 1167 4415 anno
1180 4363 1254 4416 1592.
1280 4361 1335 4416 Cir.
1347 4362 1365 4416 l.
1379 4378 1401 4415 c.
1414 4363 1435 4416 I.
1448 4379 1473 4431 p.
1484 4360 1537 4416 423.

322 4441 393 4493 seqq.
406 4441 420 4478 1
497 4468 503 4481 .
