3314 5166
772 300 782 306 .
809 300 838 305 -.
882 261 924 326 gp
967 298 1033 304 ,--

291 432 505 515 corrigebant,
521 439 555 498 et
569 433 654 498 inter
666 433 827 498 variantes
843 449 919 497 suas
934 432 1032 498 etiam
1047 431 1190 497 citabant
1204 432 1291 497 locos
1303 431 1445 510 Patrem,
1460 432 1510 512 qui

292 525 415 585 textum
441 524 517 584 ante
542 537 566 582 s.
587 517 816 599 Hieronymum
842 517 997 582 usitatum
1022 517 1156 599 sistunt,
1179 524 1216 583 ut
1242 535 1266 581 s.
1288 501 1463 597 Ambrosii,
1487 535 1509 582 s.

292 603 497 686 Augustini.1

378 690 498 754 Textns
518 687 676 769 Vulgatae
698 687 835 769 copiosis
856 687 1019 752 erroribus
1038 686 1229 753 defoedatus
1248 693 1446 770 propagatus
1467 693 1511 752 est

292 793 395 856 nsque
411 775 452 839 ad
467 773 711 854 typographiam
725 774 901 852 inventam,
922 779 954 837 et
969 773 1066 837 etiam
1080 773 1113 838 in
1128 773 1248 854 primas
1262 773 1390 838 transiit
1405 772 1513 838 editio

292 877 363 939 555,
385 861 418 924 15
438 858 554 939 quibus
575 858 708 940 singulis
729 858 852 923 nonnisi
872 863 980 922 textus
1000 860 1095 923 unius
1116 858 1234 924 codicis
1253 864 1323 923 erat
1338 875 1512 938 expressus,

293 951 430 1027 atquae,
444 949 481 1008 ut
493 944 618 1008 codices
629 943 701 1026 ipsi,
716 943 906 1008 lectionibus
917 943 1115 1008 variantibus
1125 944 1210 1008 inter
1221 962 1256 1009 se
1267 943 1513 1009 discordabantr

297 1029 486 1094 Franciscus
500 1027 650 1092 Ximenea
664 1034 787 1093 tentum
807 1028 942 1093 latinum
961 1030 1084 1110 primus
1105 1028 1286 1094 emandavit
1306 1045 1333 1094 e·
1344 1029 1515 1093 manuscri-

293 1116 358 1198 ptis
369 1114 549 1195 antiquis‚³
569 1132 652 1194 quae
664 1121 772 1178 autem
783 1133 846 1178 non
856 1115 1038 1179 accuratius
1050 1114 1288 1194 determinavit,
1305 1121 1338 1179 et
1349 1113 1515 1180 551155115-

293 1221 351 1268 nes
372 1219 390 1266 e
409 1205 501 1266 textu
520 1217 635 1280 graeco
652 1199 743 1280 justo
762 1198 895 1263 liberius
916 1200 1066 1280 suscepit.
1115 1199 1270 1264 11555155
1289 1198 1515 1284 Stephanium

294 1285 488 1352 editionibus
503 1284 570 1348 suis
585 1302 655 1348 ann.
673 1284 776 1364 1523,
793 1284 884 1348 1528.
901 1285 1041 1350 stralo.
1058 1285 1117 1351 suia
1132 1286 1282 1350 methodo
1294 1284 1407 1351 critica
1418 1283 1515 1349 textui

293 1371 392 1438 latino
414 1369 510 1434 aliam
530 1368 644 1434 tribuit
662 1366 814 1448 formam3
834 1389 908 1435 nam
928 1370 960 1434 in
981 1372 1010 1434 2.
1032 1371 1171 1436 editione
1192 1378 1323 1452 praeter
1342 1370 1515 1435 versionem

296 1454 554 1536 complutensem
574 1454 722 1534 antiquos
743 1454 868 1520 codices
889 1457 1046 1536 quosdam
1066 1456 1214 1521 adhibuit
1234 1463 1267 1522 et
1286 1475 1341 1522 eas
1368 1456 1516 1522 lectiones

296 1540 476 1622 adoptavit,
498 1558 581 1620 quae
595 1539 738 1619 proxime
752 1541 905 1605 accedere
919 1541 1110 1606 videbantur
1124 1542 1166 1606 ad
1180 1547 1304 1607 textum
1319 1539 1515 1623 originalem

182 1689 186 1696 ,.
295 1629 328 1691 15
348 1626 445 1691 151115
465 1644 541 1689 1515
562 1625 663 1689 textui
684 1625 859 1690 editionum
879 1627 1140 1707 praecedentium
1158 1626 1193 1690 in
1212 1628 1356 1709 margine
1370 1623 1516 1708 adposuit

295 1711 461 1790 lectiones,
478 1728 561 1790 quae
577 1728 595 1774 e
609 1710 834 1791 manuscriptis
848 1711 1035 1777 nominatim
1050 1712 1226 1794 designatis
1240 1713 1409 1778 desumtae
1422 1715 1516 1788 erant,

296 1815 444 1879 quaeque
460 1813 531 1859 cum
546 1799 636 1859 textu
651 1794 797 1876 originali
812 1797 1056 1862 concordabant.
1100 1797 1252 1862 Attamen
1273 1797 1431 1862 editiones
1452 1795 1515 1872 1155,

296 1888 410 1963 utpote
424 1881 464 1945 ab
480 1884 612 1945 auctore
626 1880 730 1944 minus
746 1882 922 1947 orthodoxo
937 1881 1109 1963 proiectae,
1124 1883 1295 1948 damnatae
1307 1890 1382 1948 sunt
1394 1883 1435 1947 ab
1445 1879 1516 1944 Uni-

295 1967 450 2033 versitate
461 1965 644 2045 Parisiensi‚
660 1967 984 2047 quemadmodumab
1001 1968 1112 2032 eadem
1128 1974 1161 2032 et
1175 1969 1398 2034 aLovaniensi
1410 1965 1517 2034 editio-

296 2071 353 2118 nes
369 2052 506 2116 seriores
522 2070 592 2115 ann.
610 2052 701 2115 1543.
718 2058 751 2116 et
767 2052 858 2116 1545.
875 2088 917 2096 -
932 2053 1064 2118 Minoris
1080 2053 1232 2119 momenti
1252 2061 1343 2120 erant
1364 2053 1517 2119 editiones

297 2137 434 2202 ‚Ioannis
448 2134 618 2198 Benedicti
629 2142 662 2201 et
675 2135 797 2199 Isidori
811 2136 927 2216 Clarii,
949 2137 1170 2220 theologorum
1184 2137 1430 2218 Parisiensinm‚
1446 2155 1517 2218 quo·

297 2241 369 2286 rum
389 2220 478 2301 prior
497 2220 642 2284 imitatus
665 2227 715 2284 est
739 2222 926 2286 methodum
952 2223 1094 2288 criticam
1116 2224 1279 2306 Origenis‚
1306 2224 1389 2290 alter
1415 2228 1517 2289 autem

298 2305 471 2388 Vulgatam
492 2304 595 2369 textui
615 2324 730 2386 graeco
752 2305 949 2372 coniomrare
970 2309 1102 2373 studuit.
1152 2309 1308 2376 hisvero
1330 2307 1518 2376 editionibus

298 2396 373 2456 5515
399 2389 537 2456 omnium
563 2389 671 2454 oculos
698 2389 874 2456 clarissime
899 2397 969 2457 erat
1000 2393 1154 2474 positum,
1188 2395 1365 2461 versionem
1391 2393 1518 2460 latinam

297 2475 472 2541 innumeris
487 2481 612 2540 scatere
626 2475 816 2541 lectionibus
830 2477 1036 2543 variantibus.
1070 2479 1183 2562 Neque
1197 2481 1340 2562 deerant,
1355 2480 1413 2562 qui
1426 2494 1519 2545 novas

299 2582 317 2627 e
340 2567 431 2626 textu
454 2559 601 2642 originali
621 2561 774 2626 cuderent
799 2563 961 2628 versiones
986 2564 1119 2645 latinas,
1146 2572 1183 2629 ut
1202 2566 1394 2630 Laurentius
1422 2562 1519 2638 Valla,

298 2647 438 2710 Jacobua
454 2644 601 2728 Lefbvre,
619 2645 773 2710 Erasmus
788 2653 821 2712 et
835 2647 903 2728 alii,
925 2649 972 2714 ita
986 2655 1023 2714 ut
1036 2669 1128 2715 nemo
1143 2650 1280 2732 amplius
1296 2651 1408 2730 sciret,
1428 2665 1521 2732 quae·

299 2750 372 2796 nam
388 2731 486 2796 editio
502 2737 560 2794 aut
573 2730 677 2796 versio
694 2737 779 2796 esset
794 2735 941 2813 tenenda,
958 2740 991 2799 51
1005 2740 1042 2798 51
1056 2735 1234 2801 Acathohoi
1249 2737 1429 2802 versionem
1443 2731 1521 2800 anti-

300 2836 397 2899 quam
412 2822 446 2881 et
460 2815 709 2882 ecclesiasticam
725 2817 980 2885 cavillationibus
996 2821 1062 2886 suis
1071 2827 1233 2902 peterent.

861 3039 889 3121 ξ.
912 3041 963 3106 56.

532 3173 615 3223 Fata
627 3175 785 3224 versionis
797 3170 893 3236 Vulg.
906 3190 925 3227 5
943 3177 1080 3229 concilio
1093 3178 1293 3230 1115551155.

386 3324 624 3404 Exemplarium
639 3325 810 3390 latinorum
825 3327 1040 3409 discrepantia
1054 3350 1127 3395 mox
1149 3333 1294 3413 exposita
1314 3353 1377 3398 non
1398 3331 1520 3413 poterat
1636 3327 1637 3334 ’

302 3430 364 3476 555
385 3427 541 3474 summam
567 3411 707 3476 excitare
732 3413 941 3478 attentionem
967 3416 1096 3479 concilii
1115 3417 1306 3497 Tridenabi,
1334 3420 1421 3499 quod
1445 3428 1520 3479 anno
1632 3416 1633 3424 ’

305 3495 395 3560 1545.
412 3500 639 3576 congregatum
656 3496 696 3560 de
716 3497 865 3561 remediis
886 3500 968 3564 tanti
988 3501 1063 3566 mali
1084 3503 1167 3568 serio
1189 3503 1386 3568 deliberavit.
1432 3501 1519 3565 Teste

303 3579 507 3645 Pallavicinio
524 3579 570 3659 (in
584 3581 657 3645 hist.
674 3600 757 3646 conc.
774 3581 876 3665 Trici.)
891 3583 1006 3651 Patres
1017 3587 1084 3668 Jam
1099 3588 1131 3652 in
1147 3607 1184 3653 eo
1201 3595 1306 3670 erant,
1322 3597 1359 3656 ut
1374 3582 1520 3654 ecclesiae

299 3667 388 3746 justo
408 3671 516 3729 textus
535 3666 677 3731 hebraici
701 3673 733 3732 et
753 3669 860 3748 graeci
882 3671 1102 3751 prospicerent
1123 3675 1309 3755 exemplari,
1335 3677 1367 3740 in
1389 3671 1519 3756 gratiam

304 3769 430 3828 eorum,
456 3750 512 3830 qui
532 3749 714 3833 linguarum
733 3752 860 3817 illarum
880 3762 988 3821 essent
1007 3757 1127 3838 ignari,
1153 3759 1185 3822 in
1205 3759 1338 3824 latinam
1363 3751 1518 3826 vertendo-

373 3987 384 4019 ¹
401 3982 456 4036 Cfr.
469 3983 559 4053 Roger
569 3986 640 4039 Baco
651 3986 678 4038 in
691 4001 731 4053 ep.
744 3987 778 4040 ad
792 3988 955 4043 Clementem
967 3991 996 4043 P.
1009 3991 1055 4045 IV.

373 4055 384 4086 ²
401 4052 491 4104 Primo
506 4053 1014 4124 125511355115555555555555551
1029 4059 1087 4114 loco
1103 4061 1273 4129 prodierunt,
1291 4071 1319 4117 et
1336 4065 1441 4132 quidem
1458 4058 1518 4114 anti·

305 4119 434 4188 quissima
444 4120 516 4174 inter
534 4137 595 4174 ann.
609 4123 683 4176 1453.
697 4129 724 4176 et
737 4125 810 4177 1455.
847 4126 1001 4179 robabiliter
1011 4128 1189 4198 Bambergae‚
1210 4131 1271 4185 dein
1288 4133 1342 4186 alia
1360 4133 1440 4186 editio
1454 4129 1518 4183 fata

305 4195 347 4241 551
358 4189 491 4256 Mogontii
502 4205 563 4243 ann.
578 4189 652 4244 1462.
666 4196 693 4243 et
704 4207 788 4259 usque
800 4208 816 4246 a
846 4208 906 4246 ann.
921 4195 996 4248 1520.
1009 4197 1109 4250 centies
1122 4200 1247 4267 repetita;
1265 4201 1319 4254 alia
1330 4201 1430 4255 Romae
1443 4193 1518 4256 14711

305 4255 496 4325 Norimbergae
509 4257 593 4321 1471..
605 4259 777 4327 Argentorati
794 4259 1028 4325 1474.,Ν51·1511151
1046 4266 1165 4320 551475.

374 4327 384 4360 ⁸
401 4324 433 4377 In
450 4325 559 4394 prologo
576 4325 702 4394 legimus:
727 4327 868 4393 „Latinam
880 4328 978 4384 ibidem
990 4332 1020 4385 Β.
1062 4333 1188 4404 'eronymi
1200 4335 1402 4390 translationem
1415 4329 1517 4391 contuli·

306 4407 366 4470 mus
387 4408 447 4445 cum
469 4394 671 4472 quamplurimis
693 4397 890 4464 exemplaribus
910 4401 1077 4455 venerandae
1097 4403 1246 4469 vetustatis,
1262 4435 1295 4444 -
1307 4419 1425 4474 —quse
1445 4411 1517 4469 sopri

306 4465 554 4528 octmgentesrmum
566 4463 663 4517 abhinc
675 4479 774 4518 annum
786 4465 871 4519 literis
882 4466 996 4534 gothicis
1008 4471 1171 4540 conscripta,
1190 4487 1223 4526 ea
1240 4479 1303 4526 sunt
1315 4474 1476 4536 sinceritate,
1491 4471 1517 4518 ui

306 4541 356 4580 nec
368 4527 452 4594 apicis
464 4529 556 4597 lapsus
568 4532 653 4598 possit
665 4532 693 4585 in
705 4532 744 4586 515
756 4533 946 4602 deprehendi.“
