3356 5176
579 317 842 382 —27-

182 658 212 730 1.
236 653 400 730 Historia
416 656 575 732 Cononis
594 680 709 753 usque
733 657 780 732 ad
799 658 983 732 concilium
1003 658 1200 732 Nicaennm
1217 658 1246 732 I.

659 880 688 962 s.
710 880 761 946 21.

375 1013 408 1081 a)
427 1016 542 1068 (tanorr
550 1015 593 1068 N.
606 1017 641 1068 F.
655 1019 798 1079 tempore
810 1017 1043 1079 Apostolorum.

188 1169 213 1231 1.
242 1168 405 1256 Ecclesiae
420 1169 517 1235 Asiae
531 1170 662 1237 minoris
684 1171 819 1237 collecta
840 1171 992 1235 habuisse
1013 1171 1077 1236 tria
1098 1169 1207 1251 priora
1229 1189 1323 1234 evan·

115 1254 193 1332 cela,
208 1257 379 1334 antequam
393 1273 419 1320 s.
436 1256 575 1324 doannes
591 1275 684 1322 suum
697 1256 919 1335 conscriberet,
933 1257 999 1337 jam
1011 1256 1106 1337 bujns
1116 1255 1189 1320 libri
1200 1255 1323 1320 indoles

115 1341 207 1418 docet,
228 1345 342 1420 utpote
357 1360 441 1421 quae
456 1346 524 1408 tum
539 1342 572 1408 in
584 1347 732 1418 auctore,
754 1347 824 1406 tum
838 1343 870 1406 in
885 1342 1059 1407 lectoribus
1073 1379 1115 1386 —
1129 1340 1257 1405 illorum
1273 1360 1324 1405 co·

115 1425 271 1505 gnitionem
294 1427 462 1507 supponit,
486 1428 572 1508 quod
596 1433 629 1493 et
650 1429 781 1494 traditio
805 1426 986 1507 confirmat3
1009 1447 1083 1492 nam
1107 1426 1247 1492 Οίσοισοσ
1271 1425 1324 1490 Al.

116 1515 245 1589 testatur,
270 1512 425 1577 Joannem
447 1512 531 1578 inter
553 1515 765 1594 evangelistas
785 1519 992 1594 postremum,
1016 1533 1114 1594 quum
1136 1511 1269 1591 videret,
1291 1512 1324 1576 in

116 1597 270 1677 evangeliis
287 1616 334 1676 ea,
348 1616 412 1677 qua
426 1599 469 1662 ad
481 1617 596 1679 corpus
604 1598 753 1680 (Christi)
761 1600 932 1678 pertinent,
944 1604 1077 1665 narrata
1088 1617 1168 1676 esse,
1181 1598 1223 1662 ad
1233 1597 1324 1661 fami-

116 1681 224 1746 liarium
250 1701 381 1747 suorum
406 1702 519 1764 preces
542 1685 664 1764 Spiritu
690 1704 714 1750 s.
737 1684 880 1750 afflatum
910 1685 1077 1766 spirituale
1107 1684 1325 1763 composuisse

117 1767 321 1848 evangelium.¹
351 1769 388 1832 In
404 1767 545 1836 ecclesiis
561 1771 670 1851 itaque
685 1771 782 1836 Asiae
797 1771 928 1835 minoris
943 1771 1046 1836 tribus
1057 1769 1217 1851 prioribus
1230 1787 1324 1834 evan-

116 1853 191 1930 geliis
212 1855 359 1918 additum
382 1859 432 1919 est
454 1861 613 1935 quartum,
639 1857 726 1937 quod
746 1857 788 1920 ad
809 1856 889 1921 olias
908 1874 1036 1937 quoque
1056 1854 1217 1932 ecclesias,
1241 1872 1325 1933 quae

117 1938 260 2017 prioribus
272 1941 340 2020 jam
355 1940 552 2021 gaudebant,
576 1946 701 2006 mature
715 1941 858 2020 transiit,
882 1942 975 2006 etsie
991 1941 1150 2020 completa
1165 1944 1215 2003 est
1230 1957 1324 2004 evan-

117 2023 252 2102 geliorum
268 2025 422 2104 collectio,
437 2026 485 2090 ita
500 2031 537 2090 ut
552 2026 693 2091 ecclesiis
708 2032 854 2092 recenter
865 2025 1005 2091 fundatis
1017 2023 1203 2110 εὐαγγέλιον
1213 2023 1324 2107 corpol-
1381 2072 1384 2078 ,

117 2135 226 2257 ,aeolpprn
240 2112 432 2176 traderetur.
470 2112 561 2176 ldem
575 2111 661 2177 valet
676 2114 717 2178 dc
731 2112 756 2176 i
772 2131 821 2193 ep.
837 2113 859 2177 J
860 2112 970 2178 oannis
987 2116 1019 2177 et
1034 2112 1075 2176 de
1091 2111 1234 2192 ejusdem
1248 2128 1325 2189 apo-

119 2212 146 2257 ca
194 2215 228 2260 si.

155 2213 205 2344 Hi.
234 2281 453 2362 Epistolarum
475 2281 676 2362 paulinorum
698 2283 807 2364 plures
829 2283 862 2346 in
884 2282 980 2346 Asiae
1002 2281 1134 2346 minoris
1156 2279 1326 2362 provinciis

120 2365 192 2442 prius
204 2367 270 2447 jam
286 2366 436 2431 collectas
451 2365 564 2448 fuisse,
585 2368 655 2450 ipse
670 2394 694 2432 ο.
710 2369 824 2430 Palas
840 2372 979 2433 testatur
992 2368 1025 2432 in
1041 2367 1081 2431 ΙΙ.
1098 2386 1146 2447 ep.
1163 2367 1193 2443 3,
1211 2365 1259 2428 15.
1277 2365 1326 2428 16.

119 2485 151 2493 -
164 2451 308 2518 statuere
330 2452 441 2532 itaque
462 2452 546 2532 licet,
570 2453 721 2519 ecclosias
736 2454 834 2519 Asiae
855 2455 985 2519 minoris
1009 2452 1068 2517 sub
1090 2451 1186 2516 finem
1205 2469 1286 2515 saec.
1302 2450 1326 2513 I.

120 2533 196 2616 longe
209 2537 362 2619 plurimos
377 2537 415 2601 N.
432 2538 467 2602 F.
482 2538 582 2603 libros
598 2539 749 2605 habuisse
769 2539 926 2618 collectos,
949 2540 991 2618 id,
1016 2538 1102 2619 quod
1122 2537 1250 2617 scriptis
1271 2554 1326 2615 pa-

119 2624 188 2685 trum
202 2612 449 2704 apostolicorum
466 2627 498 2688 et
512 2624 586 2689 inde
606 2624 820 2704 confirmatur,
843 2625 919 2704 quia
938 2643 1021 2689 saec.
1037 2624 1078 2686 ΙΙ.
1091 2623 1159 2704 jam
1179 2621 1328 2701 colligere

120 2716 272 2788 coeperunt
287 2714 416 2790 patrum
433 2709 681 2789 apostolicorum
695 2710 819 2775 libros²
848 2710 983 2774 Etiamsi
998 2708 1146 2774 relationi
1161 2706 1327 2786 Phocion

120 2808 137 2852 s.
150 2792 263 2860 loanne
280 2813 433 2860 canonem
448 2813 520 2860 esse
536 2796 791 2874 determinatum,
807 2794 887 2860 fides
902 2815 964 2860 non
979 2799 1066 2860 esset
1077 2793 1234 2872 habenda,
1250 2811 1325 2857 eun-

121 2875 177 2940 dem
191 2885 293 2948 tamen
307 2880 456 2947 omnibus
471 2879 603 2960 reliquis
617 2881 781 2962 Apostolis
802 2880 1007 2962 superstitem
1027 2880 1059 2943 in
1079 2879 1140 2943 bac
1153 2897 1189 2942 re
1204 2877 1326 2958 gravis-

120 2961 176 3026 simi
189 2967 337 3033 momenti
352 2965 503 3032 babuisse
517 2970 636 3046 partes,
651 2985 714 3031 non
729 2971 851 3031 temere
865 2965 1029 3030 asseritur.

657 3187 685 3268 p.
709 3187 759 3252 ιι.

422 3324 457 3390 b)
476 3325 588 3376 canon
600 3325 729 3386 patrum
740 3323 997 3386 apostolicorum.

191 3478 276 3544 Inter
295 3483 406 3560 patres
426 3478 619 3560 apostolicos
639 3477 763 3543 nonnisi
786 3478 874 3558 apud
893 3502 918 3540 a.
937 3476 1099 3561 Ιγοσιίσνο
1112 3473 1325 3538 -disertum

119 3557 258 3628 invenitur
272 3564 491 3630 testimonium
507 3564 548 3628 de
563 3563 748 3629 collectione
763 3562 801 3626 N.
814 3563 849 3627 F.
865 3562 1033 3639 librorum;
1049 3579 1122 3624 nam
1138 3577 1326 3624 commemo-

119 3651 159 3709 rat
172 3645 351 3733 εὐαγγέλιον
367 3653 400 3714 et
415 3645 636 3727 ἀποστόλους,
653 3667 734 3729 quos
751 3667 822 3712 cum
836 3647 908 3730 lege
924 3651 957 3712 et
970 3645 1137 3726 prophetis
1153 3644 1327 3723 coordinat,

117 3737 188 3797 certe
205 3754 265 3799 non
285 3734 437 3815 intelligit
455 3734 623 3798 historiam
646 3732 862 3814 evangelicam
878 3736 910 3798 et
926 3731 1103 3796 doctrinam
1118 3729 1327 3812 apostobcam

117 3834 160 3881 ore
173 3821 335 3900 traditam,
360 3820 417 3891 sed
431 3819 534 3886 literis
556 3819 803 3901 consignatam*
845 3817 909 3884 Per
923 3812 1107 3902 εὐαγγέλιον
1120 3814 1328 3898 intelligenda

173 4057 181 4086 ¹
197 4054 320 4109 Clemens
329 4054 409 4110 Alex.
423 4054 494 4122 apud
504 4053 605 4108 Euseb.
616 4053 678 4108 bist.
689 4053 754 4108 eccl.
764 4053 810 4107 VI.
821 4054 861 4106 14.
884 4050 942 4108 Τὸν
953 4057 1052 4124 μέντοι
1064 4049 1194 4120 Ἰωάννην
1207 4053 1328 4118 ἔσχατον

117 4120 259 4185 συνιδόντα,
279 4121 324 4178 ὅτι
342 4122 378 4178 τὰ
396 4120 541 4196 σωματικὰ
556 4124 588 4178 ἒν
604 4131 664 4184 τοῖς
682 4121 853 4193 εὐαγγελίοις
869 4119 1031 4190 δεδήλωται,
1051 4123 1252 4190 προτραπέντα
1270 4115 1326 4170 ὑπὸ

117 4187 162 4239 τῶν
171 4198 329 4264 γνωρίμων,
348 4190 488 4262 πνεύματι
509 4196 727 4262 θεοφορεθίντα
739 4189 933 4260 πνευματικὸν
945 4190 1062 4256 ποιῆσαι
1076 4187 1246 4260 εὐαγγέλιον.
1271 4185 1326 4239 Gfr.

118 4264 134 4302 t
145 4253 284 4380 Higrrgrfrym.
296 4261 331 4382 ili}3
337 4259 405 4328 prof.
419 4265 561 4315 comment.
573 4259 602 4314 in
614 4259 726 4328 Μαίας
738 4258 772 4314 de
783 4258 848 4316 viria
859 4257 985 4312 illustrib.
998 4273 1021 4310 c.
1034 4258 1059 4312 9.

228 4344 248 4381 r.
278 4369 284 4382 .
333 4369 339 4381 .

174 4395 183 4426 ¹
198 4331 333 4450 Bibl.§cod.
345 4395 405 4448 254.

174 4463 183 4493 ⁴
199 4461 282 4530 Epist.
295 4464 330 4518 ad
342 4461 547 4530 Philadelpho.
561 4462 585 4516 5.
610 4460 797 4533 Προσφυγών
809 4462 849 4532 τῷ
863 4459 1012 4548 εὐαγγελίῳ
1024 4459 1061 4521 ὡς
1074 4462 1156 4532 σαρκὶ
1167 4459 1266 4539 Ιησοῦη,
1282 4461 1328 4512 καλ

123 4530 170 4608 ῐθξς
184 4527 352 4594 ἀποστόλοις
369 4530 407 4593 ὡς
423 4537 614 4618 πρεσβυτερίῳ
633 4533 791 4598 ἐκκλησίας·
809 4535 856 4584 καὶ
872 4551 939 4591 τους
955 4526 1103 4598 προφήτας
1119 4528 1150 4582 δὲ
1166 4527 1327 4596 ἀγαπωμεν,

124 4588 160 4644 ils
171 4593 251 4672 τὸκαλ
262 4599 365 4663 αὐτοὺς
377 4604 417 4663 εἰς
428 4600 461 4654 τὸ
475 4603 637 4670 εναγγέλιον
654 4601 877 4670 κατηγγελκέναι,
893 4603 939 4654 καλ
959 4602 998 4659 είς
1013 4593 1101 4652 αὐτὸν
1119 4597 1247 4659 ἐλπίζειν.
1283 4593 1327 4648 Ad
