<?xml version="1.0" encoding="UTF-8"?>
<!DOCTYPE html PUBLIC "-//W3C//DTD XHTML 1.0 Transitional//EN"
    "http://www.w3.org/TR/xhtml1/DTD/xhtml1-transitional.dtd">
<html xmlns="http://www.w3.org/1999/xhtml" xml:lang="en" lang="en">
 <head>
  <title>
</title>
<meta http-equiv="Content-Type" content="text/html;charset=utf-8" />
  <meta name='ocr-system' content='tesseract 3.04.00' />
  <meta name='ocr-capabilities' content='ocr_page ocr_carea ocr_par ocr_line ocrx_word'/>
</head>
<body>
  <div class='ocr_page' id='page_1' title='image "./introductioinsa00gngoog_0363.png"; bbox 0 0 3428 5180; ppageno 0'>
   <div class='ocr_carea' id='block_1_1' title="bbox 799 305 1082 370">
    <p class='ocr_par' dir='ltr' id='par_1_1' title="bbox 799 305 1082 370">
     <span class='ocr_line' id='line_1_1' title="bbox 799 305 1082 370; baseline -0.004 -20"><span class='ocrx_word' id='word_1_1' title='bbox 799 305 1082 370; x_wconf 62' lang='lat'>..350-</span> 
     </span>
    </p>
   </div>
   <div class='ocr_carea' id='block_1_2' title="bbox 461 475 1551 658">
    <p class='ocr_par' dir='ltr' id='par_1_2' title="bbox 461 475 1551 658">
     <span class='ocr_line' id='line_1_2' title="bbox 461 475 1551 590; baseline 0.001 -15"><span class='ocrx_word' id='word_1_2' title='bbox 461 529 501 576; x_wconf 93' lang='lat' dir='ltr'>De</span> <span class='ocrx_word' id='word_1_3' title='bbox 513 530 601 576; x_wconf 86' lang='lat' dir='ltr'>ordine</span> <span class='ocrx_word' id='word_1_4' title='bbox 613 531 803 590; x_wconf 84' lang='lat' dir='ltr'>evangeliorum</span> <span class='ocrx_word' id='word_1_5' title='bbox 817 530 993 576; x_wconf 88' lang='lat' dir='ltr'>canonicorum</span> <span class='ocrx_word' id='word_1_6' title='bbox 1007 529 1194 588; x_wconf 85' lang='lat' dir='ltr'>chronologico,</span> <span class='ocrx_word' id='word_1_7' title='bbox 1215 533 1240 576; x_wconf 88' lang='lat' dir='ltr'>et</span> <span class='ocrx_word' id='word_1_8' title='bbox 1252 531 1284 576; x_wconf 87' lang='lat' dir='ltr'>de</span> <span class='ocrx_word' id='word_1_9' title='bbox 1297 537 1417 589; x_wconf 84' lang='lat' dir='ltr'>tempore,</span> <span class='ocrx_word' id='word_1_10' title='bbox 1464 475 1551 523; x_wconf 43' lang='lat' dir='ltr'>Pam</span> 
     </span>
     <span class='ocr_line' id='line_1_3' title="bbox 606 595 1273 658; baseline 0.001 -14"><span class='ocrx_word' id='word_1_11' title='bbox 606 613 655 657; x_wconf 87' lang='lat' dir='ltr'>quo</span> <span class='ocrx_word' id='word_1_12' title='bbox 668 599 718 645; x_wconf 89' lang='lat' dir='ltr'>tria</span> <span class='ocrx_word' id='word_1_13' title='bbox 730 598 816 658; x_wconf 87' lang='lat' dir='ltr'>priora</span> <span class='ocrx_word' id='word_1_14' title='bbox 828 603 853 644; x_wconf 89' lang='lat' dir='ltr'>et</span> <span class='ocrx_word' id='word_1_15' title='bbox 865 595 937 646; x_wconf 87' lang='lat' dir='ltr'>a&#39;ctus</span> <span class='ocrx_word' id='word_1_16' title='bbox 948 600 1127 658; x_wconf 79' lang='lat' dir='ltr'><strong>Apostolorum</strong></span> <span class='ocrx_word' id='word_1_17' title='bbox 1140 599 1192 644; x_wconf 90' lang='lat' dir='ltr'>siut</span> <span class='ocrx_word' id='word_1_18' title='bbox 1204 598 1273 647; x_wconf 90' lang='lat' dir='ltr'>editi.</span> 
     </span>
    </p>
   </div>
   <div class='ocr_carea' id='block_1_3' title="bbox 330 699 1549 761">
    <p class='ocr_par' dir='ltr' id='par_1_3' title="bbox 330 699 1549 761">
     <span class='ocr_line' id='line_1_4' title="bbox 330 699 1549 761; baseline -0.002 -12"><span class='ocrx_word' id='word_1_19' title='bbox 330 705 351 749; x_wconf 89' lang='lat'>4.</span> <span class='ocrx_word' id='word_1_20' title='bbox 373 701 427 746; x_wconf 99' lang='grc'><strong>136.</strong></span> <span class='ocrx_word' id='word_1_21' title='bbox 452 701 473 746; x_wconf 91' lang='grc' dir='ltr'>Ι.</span> <span class='ocrx_word' id='word_1_22' title='bbox 493 700 561 747; x_wconf 92' lang='lat' dir='ltr'>Ordo</span> <span class='ocrx_word' id='word_1_23' title='bbox 574 702 763 761; x_wconf 87' lang='lat' dir='ltr'>evangeliorum</span> <span class='ocrx_word' id='word_1_24' title='bbox 775 701 952 748; x_wconf 82' lang='lat' dir='ltr'>canonicorum</span> <span class='ocrx_word' id='word_1_25' title='bbox 966 699 1158 759; x_wconf 85' lang='lat' dir='ltr'>chronologicus</span> <span class='ocrx_word' id='word_1_26' title='bbox 1206 735 1465 750; x_wconf 91' lang='grc'><strong><em>.......</em></strong></span> <span class='ocrx_word' id='word_1_27' title='bbox 1503 704 1549 748; x_wconf 87' lang='grc'>199</span> 
     </span>
    </p>
   </div>
   <div class='ocr_carea' id='block_1_4' title="bbox 474 837 1405 898">
    <p class='ocr_par' dir='ltr' id='par_1_4' title="bbox 474 837 1405 898">
     <span class='ocr_line' id='line_1_5' title="bbox 474 837 1405 898; baseline 0.003 -15"><span class='ocrx_word' id='word_1_28' title='bbox 474 838 505 886; x_wconf 87' lang='lat' dir='ltr'>ll.</span> <span class='ocrx_word' id='word_1_29' title='bbox 523 838 563 884; x_wconf 92' lang='lat' dir='ltr'>De</span> <span class='ocrx_word' id='word_1_30' title='bbox 576 843 697 898; x_wconf 84' lang='lat' dir='ltr'>tempore,</span> <span class='ocrx_word' id='word_1_31' title='bbox 710 852 757 897; x_wconf 91' lang='lat' dir='ltr'>quo</span> <span class='ocrx_word' id='word_1_32' title='bbox 771 838 821 885; x_wconf 87' lang='lat' dir='ltr'>tria</span> <span class='ocrx_word' id='word_1_33' title='bbox 835 837 967 898; x_wconf 87' lang='lat' dir='ltr'>evangelia</span> <span class='ocrx_word' id='word_1_34' title='bbox 980 837 1065 896; x_wconf 89' lang='lat' dir='ltr'>priora</span> <span class='ocrx_word' id='word_1_35' title='bbox 1077 841 1102 882; x_wconf 90' lang='lat' dir='ltr'>et</span> <span class='ocrx_word' id='word_1_36' title='bbox 1114 841 1184 884; x_wconf 89' lang='lat' dir='ltr'>actus</span> <span class='ocrx_word' id='word_1_37' title='bbox 1196 838 1262 896; x_wconf 89' lang='lat' dir='ltr'>App.</span> <span class='ocrx_word' id='word_1_38' title='bbox 1276 839 1336 885; x_wconf 90' lang='lat' dir='ltr'>editi</span> <span class='ocrx_word' id='word_1_39' title='bbox 1348 839 1405 887; x_wconf 89' lang='lat' dir='ltr'>sint.</span> 
     </span>
    </p>
   </div>
   <div class='ocr_carea' id='block_1_5' title="bbox 328 937 1550 1411">
    <p class='ocr_par' dir='ltr' id='par_1_5' title="bbox 328 937 1550 1411">
     <span class='ocr_line' id='line_1_6' title="bbox 331 937 1547 996; baseline 0.002 -12"><span class='ocrx_word' id='word_1_40' title='bbox 331 944 350 987; x_wconf 88' lang='lat'>4.</span> <span class='ocrx_word' id='word_1_41' title='bbox 371 939 426 984; x_wconf 92' lang='grc'><strong>137.</strong></span> <span class='ocrx_word' id='word_1_42' title='bbox 451 937 484 996; x_wconf 90' lang='grc' dir='ltr'>Α)</span> <span class='ocrx_word' id='word_1_43' title='bbox 503 938 611 986; x_wconf 89' lang='lat' dir='ltr'>Criteria</span> <span class='ocrx_word' id='word_1_44' title='bbox 623 940 723 986; x_wconf 85' lang='lat' dir='ltr'>interna</span> <span class='ocrx_word' id='word_1_45' title='bbox 780 972 1465 989; x_wconf 86' lang='lat'><strong>.................</strong></span> <span class='ocrx_word' id='word_1_46' title='bbox 1502 943 1547 988; x_wconf 91' lang='grc'>201</span> 
     </span>
     <span class='ocr_line' id='line_1_7' title="bbox 331 1004 1548 1068; baseline 0.003 -15"><span class='ocrx_word' id='word_1_47' title='bbox 331 1013 351 1056; x_wconf 89' lang='lat'>4.</span> <span class='ocrx_word' id='word_1_48' title='bbox 371 1009 425 1054; x_wconf 84' lang='lat'>138.</span> <span class='ocrx_word' id='word_1_49' title='bbox 449 1004 482 1068; x_wconf 81' lang='lat' dir='ltr'>B)</span> <span class='ocrx_word' id='word_1_50' title='bbox 501 1007 770 1054; x_wconf 85' lang='lat' dir='ltr'>Testimoniaexterna</span> <span class='ocrx_word' id='word_1_51' title='bbox 822 1042 1467 1057; x_wconf 87' lang='lat'>................</span> <span class='ocrx_word' id='word_1_52' title='bbox 1502 1011 1548 1056; x_wconf 89' lang='grc'>203</span> 
     </span>
     <span class='ocr_line' id='line_1_8' title="bbox 330 1075 1466 1137; baseline 0 -13"><span class='ocrx_word' id='word_1_53' title='bbox 330 1081 348 1124; x_wconf 88' lang='grc'>1.</span> <span class='ocrx_word' id='word_1_54' title='bbox 371 1076 425 1124; x_wconf 89' lang='grc'><strong>139,</strong></span> <span class='ocrx_word' id='word_1_55' title='bbox 449 1077 469 1123; x_wconf 93' lang='lat' dir='ltr'>I.</span> <span class='ocrx_word' id='word_1_56' title='bbox 488 1076 512 1124; x_wconf 85' lang='lat' dir='ltr'>S.</span> <span class='ocrx_word' id='word_1_57' title='bbox 525 1076 614 1122; x_wconf 87' lang='lat' dir='ltr'>Petrus</span> <span class='ocrx_word' id='word_1_58' title='bbox 628 1091 717 1124; x_wconf 88' lang='lat' dir='ltr'>revera</span> <span class='ocrx_word' id='word_1_59' title='bbox 729 1078 896 1134; x_wconf 72' lang='lat' dir='ltr'>Romaeiuit,</span> <span class='ocrx_word' id='word_1_60' title='bbox 916 1083 940 1123; x_wconf 92' lang='lat' dir='ltr'>et</span> <span class='ocrx_word' id='word_1_61' title='bbox 953 1091 1002 1122; x_wconf 87' lang='lat' dir='ltr'>una</span> <span class='ocrx_word' id='word_1_62' title='bbox 1016 1090 1071 1122; x_wconf 90' lang='lat' dir='ltr'>cum</span> <span class='ocrx_word' id='word_1_63' title='bbox 1083 1089 1102 1120; x_wconf 81' lang='lat' dir='ltr'>s.</span> <span class='ocrx_word' id='word_1_64' title='bbox 1116 1075 1196 1122; x_wconf 88' lang='lat' dir='ltr'>Paulo</span> <span class='ocrx_word' id='word_1_65' title='bbox 1209 1078 1304 1124; x_wconf 89' lang='lat' dir='ltr'>ibidem</span> <span class='ocrx_word' id='word_1_66' title='bbox 1316 1079 1466 1137; x_wconf 91' lang='lat' dir='ltr'>martyrium</span> 
     </span>
     <span class='ocr_line' id='line_1_9' title="bbox 449 1144 1550 1196; baseline 0.002 -6"><span class='ocrx_word' id='word_1_67' title='bbox 449 1144 528 1191; x_wconf 90' lang='lat' dir='ltr'>subiit</span> <span class='ocrx_word' id='word_1_68' title='bbox 573 1179 1466 1196; x_wconf 89' lang='grc'><strong>......................</strong></span> <span class='ocrx_word' id='word_1_69' title='bbox 1503 1149 1550 1194; x_wconf 89' lang='grc'>204</span> 
     </span>
     <span class='ocr_line' id='line_1_10' title="bbox 328 1213 1466 1273; baseline -0.001 -12"><span class='ocrx_word' id='word_1_70' title='bbox 328 1218 346 1261; x_wconf 86' lang='grc'>1.</span> <span class='ocrx_word' id='word_1_71' title='bbox 368 1214 423 1261; x_wconf 92' lang='grc'><strong>140.</strong></span> <span class='ocrx_word' id='word_1_72' title='bbox 447 1213 481 1260; x_wconf 94' lang='lat' dir='ltr'>II.</span> <span class='ocrx_word' id='word_1_73' title='bbox 499 1215 538 1259; x_wconf 89' lang='lat' dir='ltr'>An</span> <span class='ocrx_word' id='word_1_74' title='bbox 552 1228 600 1258; x_wconf 91' lang='lat' dir='ltr'>non</span> <span class='ocrx_word' id='word_1_75' title='bbox 615 1227 634 1260; x_wconf 93' lang='lat' dir='ltr'>s.</span> <span class='ocrx_word' id='word_1_76' title='bbox 647 1213 738 1260; x_wconf 82' lang='lat' dir='ltr'>Petrus</span> <span class='ocrx_word' id='word_1_77' title='bbox 751 1215 822 1273; x_wconf 90' lang='lat' dir='ltr'>prius</span> <span class='ocrx_word' id='word_1_78' title='bbox 831 1214 885 1272; x_wconf 87' lang='lat' dir='ltr'>jam</span> <span class='ocrx_word' id='word_1_79' title='bbox 899 1215 992 1261; x_wconf 84' lang='lat' dir='ltr'>Romae</span> <span class='ocrx_word' id='word_1_80' title='bbox 1005 1215 1079 1260; x_wconf 80' lang='lat' dir='ltr'>fuerit</span> <span class='ocrx_word' id='word_1_81' title='bbox 1092 1214 1177 1272; x_wconf 82' lang='lat' dir='ltr'>ibique</span> <span class='ocrx_word' id='word_1_82' title='bbox 1190 1215 1375 1273; x_wconf 75' lang='lat' dir='ltr'>praedicaverit</span> <span class='ocrx_word' id='word_1_83' title='bbox 1388 1220 1413 1260; x_wconf 88' lang='lat' dir='ltr'>et</span> <span class='ocrx_word' id='word_1_84' title='bbox 1427 1229 1466 1260; x_wconf 91' lang='lat' dir='ltr'>ec·</span> 
     </span>
     <span class='ocr_line' id='line_1_11' title="bbox 448 1282 1549 1332; baseline 0.005 -6"><span class='ocrx_word' id='word_1_85' title='bbox 448 1282 551 1327; x_wconf 83' lang='grc'><strong>01001101</strong></span> <span class='ocrx_word' id='word_1_86' title='bbox 565 1283 702 1329; x_wconf 88' lang='lat' dir='ltr'>Romanam</span> <span class='ocrx_word' id='word_1_87' title='bbox 715 1283 878 1330; x_wconf 80' lang='lat' dir='ltr'><strong>fundaverit?</strong></span> <span class='ocrx_word' id='word_1_88' title='bbox 906 1316 1467 1332; x_wconf 86' lang='grc'><strong>..............</strong></span> <span class='ocrx_word' id='word_1_89' title='bbox 1503 1285 1549 1331; x_wconf 88' lang='grc'>205</span> 
     </span>
     <span class='ocr_line' id='line_1_12' title="bbox 328 1350 1550 1411; baseline 0.001 -13"><span class='ocrx_word' id='word_1_90' title='bbox 328 1354 348 1398; x_wconf 87' lang='grc'>1.</span> <span class='ocrx_word' id='word_1_91' title='bbox 370 1352 426 1396; x_wconf 84' lang='grc'><strong>141.</strong></span> <span class='ocrx_word' id='word_1_92' title='bbox 452 1350 570 1410; x_wconf 81' lang='lat' dir='ltr'>Tempus,</span> <span class='ocrx_word' id='word_1_93' title='bbox 584 1364 632 1408; x_wconf 91' lang='lat' dir='ltr'>quo</span> <span class='ocrx_word' id='word_1_94' title='bbox 645 1351 695 1396; x_wconf 86' lang='lat' dir='ltr'>tria</span> <span class='ocrx_word' id='word_1_95' title='bbox 707 1352 793 1409; x_wconf 90' lang='lat' dir='ltr'>priora</span> <span class='ocrx_word' id='word_1_96' title='bbox 806 1352 941 1411; x_wconf 88' lang='lat' dir='ltr'>evangelia</span> <span class='ocrx_word' id='word_1_97' title='bbox 953 1351 1048 1410; x_wconf 83' lang='lat' dir='ltr'>scripta</span> <span class='ocrx_word' id='word_1_98' title='bbox 1059 1351 1118 1410; x_wconf 88' lang='lat' dir='ltr'>sint,</span> <span class='ocrx_word' id='word_1_99' title='bbox 1132 1352 1272 1398; x_wconf 78' lang='lat' dir='ltr'><strong>accuratius</strong></span> <span class='ocrx_word' id='word_1_100' title='bbox 1285 1352 1468 1398; x_wconf 80' lang='lat' dir='ltr'>determinatur</span> <span class='ocrx_word' id='word_1_101' title='bbox 1504 1355 1550 1399; x_wconf 93' lang='grc'>208</span> 
     </span>
    </p>
   </div>
   <div class='ocr_carea' id='block_1_6' title="bbox 743 1487 1136 1548">
    <p class='ocr_par' dir='ltr' id='par_1_6' title="bbox 743 1487 1136 1548">
     <span class='ocr_line' id='line_1_13' title="bbox 743 1487 1136 1548; baseline 0.005 -16"><span class='ocrx_word' id='word_1_102' title='bbox 743 1487 785 1532; x_wconf 90' lang='lat' dir='ltr'>IV.</span> <span class='ocrx_word' id='word_1_103' title='bbox 805 1488 974 1548; x_wconf 85' lang='lat' dir='ltr'>Evangelinm</span> <span class='ocrx_word' id='word_1_104' title='bbox 986 1501 1008 1537; x_wconf 89' lang='lat' dir='ltr'>s.</span> <span class='ocrx_word' id='word_1_105' title='bbox 1020 1487 1136 1534; x_wconf 84' lang='lat' dir='ltr'>Joannis.</span> 
     </span>
    </p>
   </div>
   <div class='ocr_carea' id='block_1_7' title="bbox 327 1588 1550 2267">
    <p class='ocr_par' dir='ltr' id='par_1_7' title="bbox 327 1588 1550 2267">
     <span class='ocr_line' id='line_1_14' title="bbox 328 1588 1550 1647; baseline 0.003 -14"><span class='ocrx_word' id='word_1_106' title='bbox 328 1591 349 1637; x_wconf 89' lang='lat'>4.</span> <span class='ocrx_word' id='word_1_107' title='bbox 369 1588 426 1637; x_wconf 89' lang='grc'><strong>142.</strong></span> <span class='ocrx_word' id='word_1_108' title='bbox 450 1589 739 1647; x_wconf 79' lang='lat' dir='ltr'>DedoauneApostolo</span> <span class='ocrx_word' id='word_1_109' title='bbox 781 1623 1467 1639; x_wconf 88' lang='lat'><strong>.................</strong></span> <span class='ocrx_word' id='word_1_110' title='bbox 1505 1593 1550 1638; x_wconf 91' lang='grc'>210</span> 
     </span>
     <span class='ocr_line' id='line_1_15' title="bbox 329 1657 1548 1718; baseline 0.002 -15"><span class='ocrx_word' id='word_1_111' title='bbox 329 1662 348 1705; x_wconf 86' lang='lat'>4.</span> <span class='ocrx_word' id='word_1_112' title='bbox 370 1658 428 1702; x_wconf 93' lang='grc'><strong>143.</strong></span> <span class='ocrx_word' id='word_1_113' title='bbox 455 1657 563 1704; x_wconf 85' lang='lat' dir='ltr'>Occasio</span> <span class='ocrx_word' id='word_1_114' title='bbox 578 1661 602 1703; x_wconf 90' lang='lat' dir='ltr'>et</span> <span class='ocrx_word' id='word_1_115' title='bbox 616 1671 709 1716; x_wconf 89' lang='lat' dir='ltr'>scopus</span> <span class='ocrx_word' id='word_1_116' title='bbox 723 1659 851 1718; x_wconf 82' lang='lat' dir='ltr'>evangelii</span> <span class='ocrx_word' id='word_1_117' title='bbox 907 1691 1422 1708; x_wconf 82' lang='grc'><strong>.............</strong></span> <span class='ocrx_word' id='word_1_118' title='bbox 1461 1694 1469 1707; x_wconf 90' lang='grc'>.</span> <span class='ocrx_word' id='word_1_119' title='bbox 1505 1662 1548 1706; x_wconf 95' lang='grc'>213</span> 
     </span>
     <span class='ocr_line' id='line_1_16' title="bbox 328 1726 1546 1788; baseline 0 -15"><span class='ocrx_word' id='word_1_120' title='bbox 328 1731 348 1773; x_wconf 98' lang='grc'>1.</span> <span class='ocrx_word' id='word_1_121' title='bbox 369 1727 424 1771; x_wconf 87' lang='grc'><strong>144.</strong></span> <span class='ocrx_word' id='word_1_122' title='bbox 449 1726 557 1785; x_wconf 75' lang='lat' dir='ltr'>Quinam</span> <span class='ocrx_word' id='word_1_123' title='bbox 571 1739 667 1776; x_wconf 86' lang='lat' dir='ltr'>errores</span> <span class='ocrx_word' id='word_1_124' title='bbox 679 1727 704 1771; x_wconf 93' lang='lat' dir='ltr'>iu</span> <span class='ocrx_word' id='word_1_125' title='bbox 716 1727 824 1774; x_wconf 63' lang='lat' dir='ltr'>«loannis</span> <span class='ocrx_word' id='word_1_126' title='bbox 837 1728 970 1788; x_wconf 83' lang='lat' dir='ltr'>evaugelio</span> <span class='ocrx_word' id='word_1_127' title='bbox 982 1727 1169 1786; x_wconf 85' lang='lat' dir='ltr'>respiciantur?</span> <span class='ocrx_word' id='word_1_128' title='bbox 1204 1762 1469 1774; x_wconf 89' lang='grc'><strong>.......</strong></span> <span class='ocrx_word' id='word_1_129' title='bbox 1505 1731 1546 1774; x_wconf 86' lang='grc'>215</span> 
     </span>
     <span class='ocr_line' id='line_1_17' title="bbox 328 1795 1542 1854; baseline 0.002 -15"><span class='ocrx_word' id='word_1_130' title='bbox 328 1799 347 1842; x_wconf 86' lang='grc'>1.</span> <span class='ocrx_word' id='word_1_131' title='bbox 368 1795 423 1841; x_wconf 94' lang='grc'><strong>145.</strong></span> <span class='ocrx_word' id='word_1_132' title='bbox 447 1795 584 1854; x_wconf 85' lang='lat' dir='ltr'>Evangelii</span> <span class='ocrx_word' id='word_1_133' title='bbox 596 1795 729 1854; x_wconf 87' lang='lat' dir='ltr'>dispositio</span> <span class='ocrx_word' id='word_1_134' title='bbox 785 1829 1468 1845; x_wconf 89' lang='grc'><strong>.................</strong></span> <span class='ocrx_word' id='word_1_135' title='bbox 1506 1799 1542 1842; x_wconf 91' lang='grc'>218</span> 
     </span>
     <span class='ocr_line' id='line_1_18' title="bbox 328 1863 1542 1922; baseline 0.003 -15"><span class='ocrx_word' id='word_1_136' title='bbox 328 1868 348 1911; x_wconf 82' lang='grc'>1.</span> <span class='ocrx_word' id='word_1_137' title='bbox 368 1863 424 1908; x_wconf 87' lang='lat'>146.</span> <span class='ocrx_word' id='word_1_138' title='bbox 447 1863 629 1922; x_wconf 86' lang='lat' dir='ltr'>Argumentum</span> <span class='ocrx_word' id='word_1_139' title='bbox 655 1897 1424 1913; x_wconf 89' lang='grc'><strong>...................</strong></span> <span class='ocrx_word' id='word_1_140' title='bbox 1465 1901 1470 1911; x_wconf 92' lang='grc'>.</span> <span class='ocrx_word' id='word_1_141' title='bbox 1505 1867 1542 1910; x_wconf 84' lang='grc'>211</span> 
     </span>
     <span class='ocr_line' id='line_1_19' title="bbox 328 1931 1547 1993; baseline 0.002 -18"><span class='ocrx_word' id='word_1_142' title='bbox 328 1937 348 1980; x_wconf 88' lang='lat'>4.</span> <span class='ocrx_word' id='word_1_143' title='bbox 369 1932 424 1976; x_wconf 85' lang='grc'><strong>141.</strong></span> <span class='ocrx_word' id='word_1_144' title='bbox 450 1931 504 1990; x_wconf 80' lang='lat' dir='ltr'>Quo</span> <span class='ocrx_word' id='word_1_145' title='bbox 517 1934 637 1991; x_wconf 83' lang='lat' dir='ltr'>tempore,</span> <span class='ocrx_word' id='word_1_146' title='bbox 651 1932 695 1979; x_wconf 90' lang='lat' dir='ltr'>ubi</span> <span class='ocrx_word' id='word_1_147' title='bbox 708 1933 834 1992; x_wconf 78' lang='lat' dir='ltr'>siquibus</span> <span class='ocrx_word' id='word_1_148' title='bbox 847 1932 984 1980; x_wconf 85' lang='lat' dir='ltr'>lectoribus</span> <span class='ocrx_word' id='word_1_149' title='bbox 998 1934 1119 1992; x_wconf 86' lang='lat' dir='ltr'>scriptum</span> <span class='ocrx_word' id='word_1_150' title='bbox 1133 1933 1225 1979; x_wconf 85' lang='lat' dir='ltr'>sithoc</span> <span class='ocrx_word' id='word_1_151' title='bbox 1238 1932 1423 1993; x_wconf 86' lang='lat' dir='ltr'>evangelium.</span> <span class='ocrx_word' id='word_1_152' title='bbox 1463 1968 1469 1978; x_wconf 88' lang='lat'>.</span> <span class='ocrx_word' id='word_1_153' title='bbox 1506 1935 1547 1980; x_wconf 91' lang='grc'>221</span> 
     </span>
     <span class='ocr_line' id='line_1_20' title="bbox 328 2000 1549 2050; baseline 0.002 -6"><span class='ocrx_word' id='word_1_154' title='bbox 328 2006 348 2049; x_wconf 85' lang='lat'>4.</span> <span class='ocrx_word' id='word_1_155' title='bbox 369 2001 426 2045; x_wconf 85' lang='lat'>148.</span> <span class='ocrx_word' id='word_1_156' title='bbox 449 2000 588 2046; x_wconf 86' lang='lat' dir='ltr'>Anthentia</span> <span class='ocrx_word' id='word_1_157' title='bbox 606 2034 1468 2050; x_wconf 86' lang='grc'><strong>.....................</strong></span> <span class='ocrx_word' id='word_1_158' title='bbox 1506 2004 1549 2048; x_wconf 88' lang='grc'>222</span> 
     </span>
     <span class='ocr_line' id='line_1_21' title="bbox 327 2069 1549 2127; baseline 0.003 -14"><span class='ocrx_word' id='word_1_159' title='bbox 327 2073 347 2116; x_wconf 83' lang='grc'>1.</span> <span class='ocrx_word' id='word_1_160' title='bbox 368 2069 423 2114; x_wconf 87' lang='grc'><strong>149.</strong></span> <span class='ocrx_word' id='word_1_161' title='bbox 447 2069 584 2127; x_wconf 69' lang='grc'><strong>1010011110</strong></span> <span class='ocrx_word' id='word_1_162' title='bbox 609 2103 1467 2121; x_wconf 87' lang='grc'><strong>.....................</strong></span> <span class='ocrx_word' id='word_1_163' title='bbox 1504 2073 1549 2117; x_wconf 91' lang='grc'>224</span> 
     </span>
     <span class='ocr_line' id='line_1_22' title="bbox 328 2135 1549 2187; baseline 0.004 -6"><span class='ocrx_word' id='word_1_164' title='bbox 328 2141 347 2184; x_wconf 85' lang='grc'>1.</span> <span class='ocrx_word' id='word_1_165' title='bbox 368 2136 424 2183; x_wconf 91' lang='grc'><strong>150.</strong></span> <span class='ocrx_word' id='word_1_166' title='bbox 449 2135 611 2182; x_wconf 82' lang='lat' dir='ltr'>Continuatio</span> <span class='ocrx_word' id='word_1_167' title='bbox 647 2169 1466 2187; x_wconf 84' lang='grc'><strong>....................</strong></span> <span class='ocrx_word' id='word_1_168' title='bbox 1503 2143 1549 2186; x_wconf 90' lang='grc'>221</span> 
     </span>
     <span class='ocr_line' id='line_1_23' title="bbox 328 2205 1550 2267; baseline 0.002 -16"><span class='ocrx_word' id='word_1_169' title='bbox 328 2209 348 2253; x_wconf 85' lang='grc'>1.</span> <span class='ocrx_word' id='word_1_170' title='bbox 369 2205 425 2250; x_wconf 93' lang='grc'><strong>151.</strong></span> <span class='ocrx_word' id='word_1_171' title='bbox 449 2205 616 2252; x_wconf 88' lang='lat' dir='ltr'>Lineamcnta</span> <span class='ocrx_word' id='word_1_172' title='bbox 629 2207 807 2267; x_wconf 86' lang='lat' dir='ltr'>chronologiae</span> <span class='ocrx_word' id='word_1_173' title='bbox 820 2207 983 2266; x_wconf 86' lang='lat' dir='ltr'>evangelicae</span> <span class='ocrx_word' id='word_1_174' title='bbox 1031 2240 1465 2254; x_wconf 90' lang='grc'><strong>...........</strong></span> <span class='ocrx_word' id='word_1_175' title='bbox 1504 2210 1550 2256; x_wconf 88' lang='grc'>230</span> 
     </span>
    </p>
   </div>
   <div class='ocr_carea' id='block_1_8' title="bbox 808 2370 1070 2524">
    <p class='ocr_par' dir='ltr' id='par_1_8' title="bbox 808 2370 1070 2524">
     <span class='ocr_line' id='line_1_24' title="bbox 833 2370 1045 2411; baseline -0.005 0"><span class='ocrx_word' id='word_1_176' title='bbox 833 2370 1002 2411; x_wconf 75' lang='grc'><strong>1111100100</strong></span> <span class='ocrx_word' id='word_1_177' title='bbox 1016 2371 1045 2410; x_wconf 90' lang='lat'>11.</span> 
     </span>
     <span class='ocr_line' id='line_1_25' title="bbox 808 2455 1070 2524; baseline 0 -15"><span class='ocrx_word' id='word_1_178' title='bbox 808 2455 914 2524; x_wconf 83' lang='lat' dir='ltr'>Scripta</span> <span class='ocrx_word' id='word_1_179' title='bbox 930 2455 1070 2510; x_wconf 87' lang='lat' dir='ltr'>didactica.</span> 
     </span>
    </p>
   </div>
   <div class='ocr_carea' id='block_1_9' title="bbox 741 2581 1138 2642">
    <p class='ocr_par' dir='ltr' id='par_1_9' title="bbox 741 2581 1138 2642">
     <span class='ocr_line' id='line_1_26' title="bbox 741 2581 1138 2642; baseline 0.008 -14"><span class='ocrx_word' id='word_1_180' title='bbox 741 2581 765 2641; x_wconf 90' lang='lat' dir='ltr'>I)</span> <span class='ocrx_word' id='word_1_181' title='bbox 783 2583 916 2642; x_wconf 87' lang='lat' dir='ltr'>Epistolae</span> <span class='ocrx_word' id='word_1_182' title='bbox 927 2583 1002 2628; x_wconf 86' lang='lat' dir='ltr'>Pauli</span> <span class='ocrx_word' id='word_1_183' title='bbox 1013 2581 1138 2642; x_wconf 78' lang='lat' dir='ltr'>Apostoli.</span> 
     </span>
    </p>
   </div>
   <div class='ocr_carea' id='block_1_10' title="bbox 310 2682 1549 2814">
    <p class='ocr_par' dir='ltr' id='par_1_10' title="bbox 310 2682 1549 2814">
     <span class='ocr_line' id='line_1_27' title="bbox 310 2682 1545 2734; baseline 0 -2"><span class='ocrx_word' id='word_1_184' title='bbox 310 2689 348 2732; x_wconf 89' lang='lat'>·4.</span> <span class='ocrx_word' id='word_1_185' title='bbox 369 2683 424 2730; x_wconf 86' lang='grc'><strong>152.</strong></span> <span class='ocrx_word' id='word_1_186' title='bbox 449 2682 523 2730; x_wconf 80' lang='lat' dir='ltr'>Vitae</span> <span class='ocrx_word' id='word_1_187' title='bbox 536 2688 561 2731; x_wconf 89' lang='lat' dir='ltr'>ot</span> <span class='ocrx_word' id='word_1_188' title='bbox 574 2684 726 2732; x_wconf 79' lang='lat' dir='ltr'>characteris</span> <span class='ocrx_word' id='word_1_189' title='bbox 739 2699 759 2732; x_wconf 93' lang='lat' dir='ltr'>s.</span> <span class='ocrx_word' id='word_1_190' title='bbox 771 2685 845 2732; x_wconf 87' lang='lat' dir='ltr'>Pauli</span> <span class='ocrx_word' id='word_1_191' title='bbox 856 2685 943 2733; x_wconf 88' lang='lat' dir='ltr'>brevis</span> <span class='ocrx_word' id='word_1_192' title='bbox 957 2685 1093 2732; x_wconf 88' lang='lat' dir='ltr'>delineatio</span> <span class='ocrx_word' id='word_1_193' title='bbox 1116 2717 1464 2734; x_wconf 92' lang='grc'><strong>.........</strong></span> <span class='ocrx_word' id='word_1_194' title='bbox 1497 2686 1545 2732; x_wconf 78' lang='grc'>135</span> 
     </span>
     <span class='ocr_line' id='line_1_28' title="bbox 327 2753 1549 2814; baseline 0.002 -15"><span class='ocrx_word' id='word_1_195' title='bbox 327 2758 348 2802; x_wconf 88' lang='grc'>1.</span> <span class='ocrx_word' id='word_1_196' title='bbox 369 2754 424 2799; x_wconf 92' lang='grc'><strong>153.</strong></span> <span class='ocrx_word' id='word_1_197' title='bbox 451 2753 624 2814; x_wconf 81' lang='lat' dir='ltr'>chronologia</span> <span class='ocrx_word' id='word_1_198' title='bbox 636 2754 703 2800; x_wconf 86' lang='lat' dir='ltr'>vitae</span> <span class='ocrx_word' id='word_1_199' title='bbox 715 2754 789 2801; x_wconf 89' lang='lat' dir='ltr'>Pauli</span> <span class='ocrx_word' id='word_1_200' title='bbox 801 2755 917 2814; x_wconf 84' lang='lat' dir='ltr'>Apostoli</span> <span class='ocrx_word' id='word_1_201' title='bbox 951 2786 1467 2805; x_wconf 85' lang='grc'><strong>.............</strong></span> <span class='ocrx_word' id='word_1_202' title='bbox 1501 2757 1549 2800; x_wconf 87' lang='grc'>238</span> 
     </span>
    </p>
   </div>
   <div class='ocr_carea' id='block_1_11' title="bbox 573 2888 1299 3052">
    <p class='ocr_par' dir='ltr' id='par_1_11' title="bbox 573 2888 1299 3052">
     <span class='ocr_line' id='line_1_29' title="bbox 573 2888 1299 2952; baseline 0.003 -14"><span class='ocrx_word' id='word_1_203' title='bbox 573 2888 606 2947; x_wconf 89' lang='lat' dir='ltr'>A)</span> <span class='ocrx_word' id='word_1_204' title='bbox 626 2891 757 2950; x_wconf 86' lang='lat' dir='ltr'>Epistolae</span> <span class='ocrx_word' id='word_1_205' title='bbox 769 2892 843 2937; x_wconf 86' lang='lat' dir='ltr'>Pauli</span> <span class='ocrx_word' id='word_1_206' title='bbox 856 2893 904 2950; x_wconf 87' lang='lat' dir='ltr'>Ap.</span> <span class='ocrx_word' id='word_1_207' title='bbox 917 2891 1065 2938; x_wconf 88' lang='lat' dir='ltr'>insecundo</span> <span class='ocrx_word' id='word_1_208' title='bbox 1078 2890 1168 2938; x_wconf 89' lang='lat' dir='ltr'>itinere</span> <span class='ocrx_word' id='word_1_209' title='bbox 1180 2892 1299 2952; x_wconf 79' lang='lat' dir='ltr'>scriptae.</span> 
     </span>
     <span class='ocr_line' id='line_1_30' title="bbox 690 2991 1190 3052; baseline 0.006 -15"><span class='ocrx_word' id='word_1_210' title='bbox 690 2991 716 3050; x_wconf 85' lang='lat'>1)</span> <span class='ocrx_word' id='word_1_211' title='bbox 735 2992 853 3052; x_wconf 86' lang='lat' dir='ltr'>Epistola</span> <span class='ocrx_word' id='word_1_212' title='bbox 865 2994 885 3041; x_wconf 91' lang='lat'>1.</span> <span class='ocrx_word' id='word_1_213' title='bbox 898 2995 930 3040; x_wconf 87' lang='lat' dir='ltr'>ad</span> <span class='ocrx_word' id='word_1_214' title='bbox 943 2995 1190 3042; x_wconf 86' lang='lat' dir='ltr'>Thessalonicenses.</span> 
     </span>
    </p>
   </div>
   <div class='ocr_carea' id='block_1_12' title="bbox 325 3094 1548 3360">
    <p class='ocr_par' dir='ltr' id='par_1_12' title="bbox 325 3094 1548 3292">
     <span class='ocr_line' id='line_1_31' title="bbox 325 3094 1548 3156; baseline 0.004 -17"><span class='ocrx_word' id='word_1_215' title='bbox 325 3099 344 3143; x_wconf 89' lang='lat'>4.</span> <span class='ocrx_word' id='word_1_216' title='bbox 365 3095 420 3139; x_wconf 91' lang='grc'><strong>154.</strong></span> <span class='ocrx_word' id='word_1_217' title='bbox 445 3095 485 3140; x_wconf 90' lang='lat' dir='ltr'>De</span> <span class='ocrx_word' id='word_1_218' title='bbox 497 3095 559 3140; x_wconf 91' lang='lat' dir='ltr'>urbe</span> <span class='ocrx_word' id='word_1_219' title='bbox 571 3094 753 3141; x_wconf 80' lang='lat' dir='ltr'>Thessalonica</span> <span class='ocrx_word' id='word_1_220' title='bbox 765 3101 791 3141; x_wconf 93' lang='lat' dir='ltr'>et</span> <span class='ocrx_word' id='word_1_221' title='bbox 804 3109 902 3156; x_wconf 82' lang='lat' dir='ltr'>orrgme</span> <span class='ocrx_word' id='word_1_222' title='bbox 916 3097 1038 3144; x_wconf 83' lang='lat' dir='ltr'>ecclesme</span> <span class='ocrx_word' id='word_1_223' title='bbox 1052 3097 1204 3144; x_wconf 82' lang='lat' dir='ltr'>christmnac</span> <span class='ocrx_word' id='word_1_224' title='bbox 1216 3097 1334 3146; x_wconf 76' lang='lat' dir='ltr'>ibidem.</span> <span class='ocrx_word' id='word_1_225' title='bbox 1372 3132 1378 3144; x_wconf 93' lang='lat'>.</span> <span class='ocrx_word' id='word_1_226' title='bbox 1417 3135 1422 3144; x_wconf 94' lang='lat'>.</span> <span class='ocrx_word' id='word_1_227' title='bbox 1462 3136 1468 3147; x_wconf 88' lang='lat'>.</span> <span class='ocrx_word' id='word_1_228' title='bbox 1506 3099 1548 3144; x_wconf 89' lang='grc'>245</span> 
     </span>
     <span class='ocr_line' id='line_1_32' title="bbox 325 3162 1469 3223; baseline 0.005 -16.217"><span class='ocrx_word' id='word_1_229' title='bbox 325 3164 421 3211; x_wconf 90' lang='grc'><strong>.1.55</strong></span> <span class='ocrx_word' id='word_1_230' title='bbox 447 3162 554 3209; x_wconf 86' lang='lat' dir='ltr'>Occasio</span> <span class='ocrx_word' id='word_1_231' title='bbox 568 3168 592 3208; x_wconf 91' lang='lat' dir='ltr'>et</span> <span class='ocrx_word' id='word_1_232' title='bbox 605 3169 779 3222; x_wconf 83' lang='lat' dir='ltr'>argumentum</span> <span class='ocrx_word' id='word_1_233' title='bbox 793 3164 917 3223; x_wconf 85' lang='lat' dir='ltr'>epistolae</span> <span class='ocrx_word' id='word_1_234' title='bbox 949 3199 1469 3215; x_wconf 88' lang='grc'><strong>.............</strong></span> 
     </span>
     <span class='ocr_line' id='line_1_33' title="bbox 326 3231 1545 3292; baseline 0.004 -16.17"><span class='ocrx_word' id='word_1_235' title='bbox 326 3232 422 3279; x_wconf 83' lang='grc'><strong>1..156</strong></span> <span class='ocrx_word' id='word_1_236' title='bbox 447 3231 554 3290; x_wconf 83' lang='lat' dir='ltr'>Quando</span> <span class='ocrx_word' id='word_1_237' title='bbox 567 3231 648 3278; x_wconf 78' lang='lat' dir='ltr'>stubi</span> <span class='ocrx_word' id='word_1_238' title='bbox 661 3232 770 3290; x_wconf 82' lang='lat' dir='ltr'>epistola</span> <span class='ocrx_word' id='word_1_239' title='bbox 782 3232 845 3278; x_wconf 86' lang='lat' dir='ltr'>haec</span> <span class='ocrx_word' id='word_1_240' title='bbox 858 3233 955 3292; x_wconf 82' lang='lat' dir='ltr'>scripta</span> <span class='ocrx_word' id='word_1_241' title='bbox 968 3233 1001 3280; x_wconf 84' lang='lat' dir='ltr'>art</span> <span class='ocrx_word' id='word_1_242' title='bbox 1036 3268 1470 3282; x_wconf 88' lang='grc'><strong>...........</strong></span> <span class='ocrx_word' id='word_1_243' title='bbox 1509 3237 1545 3281; x_wconf 88' lang='grc'>246</span> 
     </span>
    </p>

    <p class='ocr_par' dir='ltr' id='par_1_13' title="bbox 326 3299 1546 3360">
     <span class='ocr_line' id='line_1_34' title="bbox 326 3299 1546 3360; baseline 0.005 -16"><span class='ocrx_word' id='word_1_244' title='bbox 326 3305 345 3348; x_wconf 90' lang='lat'>4.</span> <span class='ocrx_word' id='word_1_245' title='bbox 366 3299 421 3344; x_wconf 89' lang='grc'><strong>157.</strong></span> <span class='ocrx_word' id='word_1_246' title='bbox 447 3299 473 3360; x_wconf 90' lang='grc'><strong>2)</strong></span> <span class='ocrx_word' id='word_1_247' title='bbox 492 3299 949 3358; x_wconf 74' lang='grc'><strong>1101001011001000011001000000</strong></span> <span class='ocrx_word' id='word_1_248' title='bbox 994 3337 1470 3352; x_wconf 90' lang='grc'><strong>............</strong></span> <span class='ocrx_word' id='word_1_249' title='bbox 1509 3302 1546 3350; x_wconf 87' lang='grc'>247</span> 
     </span>
    </p>
   </div>
   <div class='ocr_carea' id='block_1_13' title="bbox 551 3436 1323 3599">
    <p class='ocr_par' dir='ltr' id='par_1_14' title="bbox 551 3436 1323 3599">
     <span class='ocr_line' id='line_1_35' title="bbox 551 3436 1323 3496; baseline 0.004 -15"><span class='ocrx_word' id='word_1_250' title='bbox 551 3436 584 3495; x_wconf 86' lang='grc' dir='ltr'>Β)</span> <span class='ocrx_word' id='word_1_251' title='bbox 604 3437 736 3496; x_wconf 88' lang='lat' dir='ltr'>Epistolae</span> <span class='ocrx_word' id='word_1_252' title='bbox 748 3437 823 3484; x_wconf 87' lang='lat' dir='ltr'>Bauli</span> <span class='ocrx_word' id='word_1_253' title='bbox 836 3438 953 3496; x_wconf 88' lang='lat' dir='ltr'>Apostoli</span> <span class='ocrx_word' id='word_1_254' title='bbox 970 3439 995 3484; x_wconf 89' lang='lat' dir='ltr'>in</span> <span class='ocrx_word' id='word_1_255' title='bbox 1009 3439 1083 3485; x_wconf 88' lang='lat' dir='ltr'>tertio</span> <span class='ocrx_word' id='word_1_256' title='bbox 1096 3439 1187 3486; x_wconf 89' lang='lat' dir='ltr'>itinere</span> <span class='ocrx_word' id='word_1_257' title='bbox 1200 3444 1323 3486; x_wconf 83' lang='lat' dir='ltr'>exaratae.</span> 
     </span>
     <span class='ocr_line' id='line_1_36' title="bbox 771 3539 1108 3599; baseline 0.003 -14"><span class='ocrx_word' id='word_1_258' title='bbox 771 3539 796 3599; x_wconf 90' lang='lat'>1)</span> <span class='ocrx_word' id='word_1_259' title='bbox 816 3540 932 3598; x_wconf 84' lang='lat' dir='ltr'>Epistola</span> <span class='ocrx_word' id='word_1_260' title='bbox 950 3542 981 3587; x_wconf 90' lang='lat' dir='ltr'>ad</span> <span class='ocrx_word' id='word_1_261' title='bbox 996 3540 1108 3588; x_wconf 84' lang='lat' dir='ltr'>Galatas.</span> 
     </span>
    </p>
   </div>
   <div class='ocr_carea' id='block_1_14' title="bbox 327 3638 1553 3976">
    <p class='ocr_par' dir='ltr' id='par_1_15' title="bbox 327 3638 1553 3766">
     <span class='ocr_line' id='line_1_37' title="bbox 327 3638 1552 3701; baseline 0.006 -16"><span class='ocrx_word' id='word_1_262' title='bbox 327 3643 347 3686; x_wconf 97' lang='lat'>4.</span> <span class='ocrx_word' id='word_1_263' title='bbox 367 3640 423 3686; x_wconf 87' lang='grc'><strong>158.</strong></span> <span class='ocrx_word' id='word_1_264' title='bbox 446 3641 485 3686; x_wconf 86' lang='grc'>110</span> <span class='ocrx_word' id='word_1_265' title='bbox 499 3638 600 3688; x_wconf 85' lang='lat' dir='ltr'>Galatis</span> <span class='ocrx_word' id='word_1_266' title='bbox 613 3656 748 3701; x_wconf 88' lang='lat' dir='ltr'>eorumque</span> <span class='ocrx_word' id='word_1_267' title='bbox 761 3643 927 3689; x_wconf 85' lang='lat' dir='ltr'>conversione</span> <span class='ocrx_word' id='word_1_268' title='bbox 951 3677 1467 3694; x_wconf 87' lang='grc'><strong>.............</strong></span> <span class='ocrx_word' id='word_1_269' title='bbox 1506 3648 1552 3693; x_wconf 89' lang='grc'>247</span> 
     </span>
     <span class='ocr_line' id='line_1_38' title="bbox 328 3707 1553 3766; baseline 0.008 -13.304"><span class='ocrx_word' id='word_1_270' title='bbox 328 3707 422 3754; x_wconf 80' lang='lat'>4159.</span> <span class='ocrx_word' id='word_1_271' title='bbox 447 3709 579 3766; x_wconf 85' lang='lat' dir='ltr'>Epistolae</span> <span class='ocrx_word' id='word_1_272' title='bbox 591 3711 691 3756; x_wconf 86' lang='lat' dir='ltr'>occasio</span> <span class='ocrx_word' id='word_1_273' title='bbox 737 3745 1468 3761; x_wconf 83' lang='lat'>..................</span> <span class='ocrx_word' id='word_1_274' title='bbox 1506 3717 1553 3760; x_wconf 85' lang='grc'>248</span> 
     </span>
    </p>

    <p class='ocr_par' dir='ltr' id='par_1_16' title="bbox 328 3775 1553 3840">
     <span class='ocr_line' id='line_1_39' title="bbox 328 3775 1553 3840; baseline 0.005 -18"><span class='ocrx_word' id='word_1_275' title='bbox 328 3780 348 3822; x_wconf 92' lang='grc'>1.</span> <span class='ocrx_word' id='word_1_276' title='bbox 369 3775 424 3822; x_wconf 92' lang='grc'><strong>160.</strong></span> <span class='ocrx_word' id='word_1_277' title='bbox 450 3779 633 3835; x_wconf 83' lang='lat' dir='ltr'>Argumentum</span> <span class='ocrx_word' id='word_1_278' title='bbox 647 3780 770 3837; x_wconf 86' lang='lat' dir='ltr'>epistolae</span> <span class='ocrx_word' id='word_1_279' title='bbox 784 3778 886 3838; x_wconf 91' lang='lat' dir='ltr'>ejusque</span> <span class='ocrx_word' id='word_1_280' title='bbox 899 3781 1033 3840; x_wconf 88' lang='lat' dir='ltr'>dispositio</span> <span class='ocrx_word' id='word_1_281' title='bbox 1078 3816 1468 3831; x_wconf 89' lang='grc'><strong>..........</strong></span> <span class='ocrx_word' id='word_1_282' title='bbox 1505 3785 1553 3828; x_wconf 82' lang='grc'>243</span> 
     </span>
    </p>

    <p class='ocr_par' dir='ltr' id='par_1_17' title="bbox 328 3843 1553 3976">
     <span class='ocr_line' id='line_1_40' title="bbox 328 3843 1468 3908; baseline 0.008 -18"><span class='ocrx_word' id='word_1_283' title='bbox 328 3849 348 3890; x_wconf 89' lang='grc'>1.</span> <span class='ocrx_word' id='word_1_284' title='bbox 370 3843 426 3889; x_wconf 84' lang='grc'><strong>131.</strong></span> <span class='ocrx_word' id='word_1_285' title='bbox 450 3844 547 3902; x_wconf 77' lang='lat' dir='ltr'>Quibus</span> <span class='ocrx_word' id='word_1_286' title='bbox 560 3846 697 3892; x_wconf 85' lang='lat' dir='ltr'>lectoribus</span> <span class='ocrx_word' id='word_1_287' title='bbox 709 3847 776 3894; x_wconf 86' lang='grc'><strong>10101·</strong></span> <span class='ocrx_word' id='word_1_288' title='bbox 790 3849 897 3894; x_wconf 83' lang='lat' dir='ltr'>Galatas</span> <span class='ocrx_word' id='word_1_289' title='bbox 911 3850 1006 3908; x_wconf 85' lang='lat' dir='ltr'>scripta</span> <span class='ocrx_word' id='word_1_290' title='bbox 1018 3849 1051 3895; x_wconf 90' lang='lat' dir='ltr'>sit</span> <span class='ocrx_word' id='word_1_291' title='bbox 1063 3851 1124 3895; x_wconf 90' lang='lat' dir='ltr'>haec</span> <span class='ocrx_word' id='word_1_292' title='bbox 1138 3851 1245 3908; x_wconf 87' lang='lat' dir='ltr'>epistola</span> <span class='ocrx_word' id='word_1_293' title='bbox 1287 3884 1468 3899; x_wconf 87' lang='grc'><strong>.....</strong></span> 
     </span>
     <span class='ocr_line' id='line_1_41' title="bbox 328 3911 1553 3976; baseline 0.009 -19.371"><span class='ocrx_word' id='word_1_294' title='bbox 328 3912 423 3958; x_wconf 64' lang='grc'><strong>1162</strong></span> <span class='ocrx_word' id='word_1_295' title='bbox 448 3911 554 3970; x_wconf 75' lang='lat' dir='ltr'>Quando</span> <span class='ocrx_word' id='word_1_296' title='bbox 568 3920 592 3960; x_wconf 87' lang='lat' dir='ltr'>et</span> <span class='ocrx_word' id='word_1_297' title='bbox 604 3914 648 3960; x_wconf 86' lang='grc'><strong>11111</strong></span> <span class='ocrx_word' id='word_1_298' title='bbox 661 3916 770 3975; x_wconf 78' lang='lat' dir='ltr'>epistola</span> <span class='ocrx_word' id='word_1_299' title='bbox 781 3916 843 3962; x_wconf 88' lang='lat' dir='ltr'>haec</span> <span class='ocrx_word' id='word_1_300' title='bbox 856 3923 996 3976; x_wconf 82' lang='lat' dir='ltr'>acrrpasr</span> <span class='ocrx_word' id='word_1_301' title='bbox 1037 3952 1467 3967; x_wconf 83' lang='grc'><strong>...........</strong></span> <span class='ocrx_word' id='word_1_302' title='bbox 1504 3921 1553 3965; x_wconf 80' lang='grc'>250</span> 
     </span>
    </p>
   </div>
   <div class='ocr_carea' id='block_1_15' title="bbox 729 4047 1144 4113">
    <p class='ocr_par' dir='ltr' id='par_1_18' title="bbox 729 4047 1144 4113">
     <span class='ocr_line' id='line_1_42' title="bbox 729 4047 1144 4113; baseline 0.01 -16"><span class='ocrx_word' id='word_1_303' title='bbox 729 4047 753 4113; x_wconf 89' lang='grc'>2)</span> <span class='ocrx_word' id='word_1_304' title='bbox 773 4051 890 4112; x_wconf 86' lang='lat' dir='ltr'>Epistola</span> <span class='ocrx_word' id='word_1_305' title='bbox 901 4056 921 4103; x_wconf 92' lang='lat'>1.</span> <span class='ocrx_word' id='word_1_306' title='bbox 934 4056 966 4101; x_wconf 90' lang='lat' dir='ltr'>ad</span> <span class='ocrx_word' id='word_1_307' title='bbox 979 4053 1144 4101; x_wconf 79' lang='lat' dir='ltr'>Timotheum.</span> 
     </span>
    </p>
   </div>
   <div class='ocr_carea' id='block_1_16' title="bbox 329 4151 1551 4353">
    <p class='ocr_par' dir='ltr' id='par_1_19' title="bbox 329 4151 1551 4353">
     <span class='ocr_line' id='line_1_43' title="bbox 329 4151 1549 4207; baseline 0.006 -11"><span class='ocrx_word' id='word_1_308' title='bbox 329 4153 349 4198; x_wconf 85' lang='lat'>4.</span> <span class='ocrx_word' id='word_1_309' title='bbox 369 4151 424 4196; x_wconf 86' lang='grc'><strong>113.</strong></span> <span class='ocrx_word' id='word_1_310' title='bbox 450 4152 490 4197; x_wconf 90' lang='lat' dir='ltr'>De</span> <span class='ocrx_word' id='word_1_311' title='bbox 503 4151 634 4198; x_wconf 91' lang='lat' dir='ltr'>Timotheo</span> <span class='ocrx_word' id='word_1_312' title='bbox 653 4187 1465 4207; x_wconf 86' lang='grc'><strong>....................</strong></span> <span class='ocrx_word' id='word_1_313' title='bbox 1504 4159 1549 4204; x_wconf 91' lang='grc'>251</span> 
     </span>
     <span class='ocr_line' id='line_1_44' title="bbox 329 4219 1551 4282; baseline 0.004 -17"><span class='ocrx_word' id='word_1_314' title='bbox 329 4223 349 4266; x_wconf 89' lang='grc'>1.</span> <span class='ocrx_word' id='word_1_315' title='bbox 370 4219 424 4265; x_wconf 92' lang='grc'><strong>164.</strong></span> <span class='ocrx_word' id='word_1_316' title='bbox 449 4219 556 4266; x_wconf 87' lang='lat' dir='ltr'>Occasio</span> <span class='ocrx_word' id='word_1_317' title='bbox 569 4225 594 4266; x_wconf 92' lang='lat' dir='ltr'>et</span> <span class='ocrx_word' id='word_1_318' title='bbox 606 4227 779 4280; x_wconf 89' lang='lat' dir='ltr'>argumentum</span> <span class='ocrx_word' id='word_1_319' title='bbox 792 4225 811 4271; x_wconf 95' lang='lat' dir='ltr'>I.</span> <span class='ocrx_word' id='word_1_320' title='bbox 826 4225 948 4282; x_wconf 89' lang='lat' dir='ltr'>epistolae</span> <span class='ocrx_word' id='word_1_321' title='bbox 960 4227 993 4272; x_wconf 91' lang='lat' dir='ltr'>ad</span> <span class='ocrx_word' id='word_1_322' title='bbox 1006 4225 1162 4272; x_wconf 84' lang='lat' dir='ltr'>Timotheum</span> <span class='ocrx_word' id='word_1_323' title='bbox 1204 4259 1466 4273; x_wconf 90' lang='lat'>.......</span> <span class='ocrx_word' id='word_1_324' title='bbox 1504 4227 1551 4272; x_wconf 91' lang='grc'>252</span> 
     </span>
     <span class='ocr_line' id='line_1_45' title="bbox 329 4287 1550 4353; baseline 0.004 -20"><span class='ocrx_word' id='word_1_325' title='bbox 329 4291 348 4333; x_wconf 92' lang='grc'>1.</span> <span class='ocrx_word' id='word_1_326' title='bbox 370 4287 424 4333; x_wconf 92' lang='grc'><strong>165.</strong></span> <span class='ocrx_word' id='word_1_327' title='bbox 450 4288 504 4347; x_wconf 80' lang='lat' dir='ltr'>Quo</span> <span class='ocrx_word' id='word_1_328' title='bbox 517 4294 631 4348; x_wconf 89' lang='lat' dir='ltr'>tempore</span> <span class='ocrx_word' id='word_1_329' title='bbox 645 4296 669 4336; x_wconf 90' lang='lat' dir='ltr'>et</span> <span class='ocrx_word' id='word_1_330' title='bbox 682 4290 737 4337; x_wconf 93' lang='lat' dir='ltr'>loco</span> <span class='ocrx_word' id='word_1_331' title='bbox 750 4292 769 4336; x_wconf 94' lang='grc' dir='ltr'>Ι.</span> <span class='ocrx_word' id='word_1_332' title='bbox 783 4293 816 4338; x_wconf 88' lang='lat' dir='ltr'>ad</span> <span class='ocrx_word' id='word_1_333' title='bbox 828 4293 985 4340; x_wconf 85' lang='lat' dir='ltr'>Timotheum</span> <span class='ocrx_word' id='word_1_334' title='bbox 999 4293 1110 4353; x_wconf 87' lang='lat' dir='ltr'>epistola</span> <span class='ocrx_word' id='word_1_335' title='bbox 1123 4295 1217 4352; x_wconf 83' lang='lat' dir='ltr'>scripta</span> <span class='ocrx_word' id='word_1_336' title='bbox 1230 4294 1262 4340; x_wconf 89' lang='lat' dir='ltr'>eit</span> <span class='ocrx_word' id='word_1_337' title='bbox 1288 4329 1465 4341; x_wconf 90' lang='lat'>.....</span> <span class='ocrx_word' id='word_1_338' title='bbox 1503 4296 1550 4340; x_wconf 87' lang='grc'>253</span> 
     </span>
    </p>
   </div>
   <div class='ocr_carea' id='block_1_17' title="bbox 734 4427 1141 4487">
    <p class='ocr_par' dir='ltr' id='par_1_20' title="bbox 734 4427 1141 4487">
     <span class='ocr_line' id='line_1_46' title="bbox 734 4427 1141 4487; baseline 0.012 -14"><span class='ocrx_word' id='word_1_339' title='bbox 734 4427 759 4486; x_wconf 86' lang='grc'>3)</span> <span class='ocrx_word' id='word_1_340' title='bbox 779 4429 894 4487; x_wconf 89' lang='lat' dir='ltr'>Epistola</span> <span class='ocrx_word' id='word_1_341' title='bbox 906 4431 925 4475; x_wconf 91' lang='lat'>1.</span> <span class='ocrx_word' id='word_1_342' title='bbox 943 4430 975 4475; x_wconf 88' lang='lat' dir='ltr'>ad</span> <span class='ocrx_word' id='word_1_343' title='bbox 989 4429 1141 4478; x_wconf 85' lang='lat' dir='ltr'>Corinthios.</span> 
     </span>
    </p>
   </div>
   <div class='ocr_carea' id='block_1_18' title="bbox 329 4525 1549 4662">
    <p class='ocr_par' dir='ltr' id='par_1_21' title="bbox 329 4525 1549 4662">
     <span class='ocr_line' id='line_1_47' title="bbox 329 4525 1549 4581; baseline 0.004 -8"><span class='ocrx_word' id='word_1_344' title='bbox 329 4529 347 4573; x_wconf 83' lang='lat'>4.</span> <span class='ocrx_word' id='word_1_345' title='bbox 368 4525 423 4572; x_wconf 84' lang='lat'>166.</span> <span class='ocrx_word' id='word_1_346' title='bbox 448 4528 487 4574; x_wconf 87' lang='lat' dir='ltr'>De</span> <span class='ocrx_word' id='word_1_347' title='bbox 501 4527 638 4574; x_wconf 80' lang='lat' dir='ltr'>Corinthiis</span> <span class='ocrx_word' id='word_1_348' title='bbox 652 4535 772 4576; x_wconf 87' lang='lat' dir='ltr'>eteorum</span> <span class='ocrx_word' id='word_1_349' title='bbox 788 4532 896 4578; x_wconf 85' lang='lat' dir='ltr'>ecclesia</span> <span class='ocrx_word' id='word_1_350' title='bbox 949 4564 1464 4581; x_wconf 87' lang='lat'>.............</span> <span class='ocrx_word' id='word_1_351' title='bbox 1502 4532 1549 4578; x_wconf 90' lang='grc'>255</span> 
     </span>
     <span class='ocr_line' id='line_1_48' title="bbox 329 4595 1549 4662; baseline 0.002 -18"><span class='ocrx_word' id='word_1_352' title='bbox 329 4600 348 4644; x_wconf 90' lang='grc'>1.</span> <span class='ocrx_word' id='word_1_353' title='bbox 369 4595 424 4643; x_wconf 85' lang='grc'><strong>101.</strong></span> <span class='ocrx_word' id='word_1_354' title='bbox 448 4595 534 4642; x_wconf 83' lang='lat' dir='ltr'>Status</span> <span class='ocrx_word' id='word_1_355' title='bbox 547 4598 668 4644; x_wconf 86' lang='lat' dir='ltr'>ecclesiae</span> <span class='ocrx_word' id='word_1_356' title='bbox 680 4599 835 4662; x_wconf 80' lang='lat' dir='ltr'>Corinthiae,</span> <span class='ocrx_word' id='word_1_357' title='bbox 848 4601 950 4648; x_wconf 89' lang='lat' dir='ltr'>occasio</span> <span class='ocrx_word' id='word_1_358' title='bbox 963 4604 987 4646; x_wconf 88' lang='lat' dir='ltr'>et</span> <span class='ocrx_word' id='word_1_359' title='bbox 1000 4613 1092 4658; x_wconf 82' lang='lat' dir='ltr'>scopus</span> <span class='ocrx_word' id='word_1_360' title='bbox 1106 4601 1229 4662; x_wconf 84' lang='lat' dir='ltr'>epistolae</span> <span class='ocrx_word' id='word_1_361' title='bbox 1287 4633 1464 4648; x_wconf 92' lang='grc'><strong>.....</strong></span> <span class='ocrx_word' id='word_1_362' title='bbox 1501 4603 1549 4647; x_wconf 91' lang='grc'>256</span> 
     </span>
    </p>
   </div>
   <div class='ocr_carea' id='block_1_19' title="bbox 0 0 1718 5180">
    <p class='ocr_par' dir='ltr' id='par_1_22' title="bbox 0 0 1718 5180">
     <span class='ocr_line' id='line_1_49' title="bbox 0 0 1718 5180; baseline 0 0"><span class='ocrx_word' id='word_1_363' title='bbox 0 0 1718 5180; x_wconf 95' lang='lat' dir='ltr'> </span> 
     </span>
    </p>
   </div>
  </div>
 </body>
</html>
