3356 5176
706 353 742 414 51

120 541 175 584 non
190 519 266 599 fieri,
289 526 326 584 ut
340 522 557 601 manuscripta
571 527 637 585 tarn
653 522 819 601 volumine,
835 541 931 603 quam
946 525 1049 603 pretio
1066 532 1253 590 crescerent.
1289 524 1335 589 Ut

119 610 222 686 itaque
238 613 269 669 et
283 606 376 671 stichi
391 616 596 672 servarentur
611 612 643 672 et
658 609 762 687 spatio
776 614 975 688 parceretur,
999 609 1143 691 singulae
1158 611 1334 676 sententiae

119 710 175 755 non
194 691 329 772 amplius
349 693 456 772 lineis,
480 695 537 757 sed
551 694 677 773 punctis
700 693 986 774 distinguebantur.
1031 695 1068 758 In
1084 697 1192 762 codice
1207 697 1245 760 K.
1260 716 1288 761 v.
1305 715 1334 778 g.

120 777 170 840 Mt.
185 777 215 856 2,
231 777 281 840 21.
296 779 348 841 22.
364 777 409 841 sic
430 779 568 858 scriptus
588 779 718 859 legitur:
746 776 763 842 ὁ
784 780 818 843 δε
840 779 994 864 ε’γερθεις.
1015 781 1180 867 nugatorie
1199 807 1237 848 ao
1257 806 1335 848 παι-

119 865 188 926 διον.
207 887 260 926 ror
279 887 336 950 την
349 889 470 952 μητερα
491 862 599 930 αὐτου.
620 889 674 929 και
689 865 789 951 ηλθεν
807 861 855 942 εἷς
872 888 929 952 γην
948 862 1083 953 Ἰσραηλ.
1127 865 1250 931 Exinde
1268 867 1335 947 jam

119 952 208 1010 enata
220 954 269 1011 cst
284 948 497 1028 interpunctio
510 949 658 1013 continua
674 955 706 1013 et
720 948 762 1012 ad
778 949 904 1030 regulas
919 948 1039 1030 logicas
1053 949 1146 1015 facta.
1176 951 1206 1015 N
1208 971 1248 1016 on
1259 971 1334 1016 vero

117 1032 153 1095 ab
168 1051 230 1096 uno
243 1034 418 1113 eodemque
430 1035 611 1098 continuam
627 1039 660 1099 et
671 1034 864 1098 ordinariam
878 1035 1164 1114 interpunctionem
1180 1056 1251 1101 esse
1266 1042 1334 1101 ten-

117 1123 225 1197 tatam,
247 1123 315 1181 tum
337 1119 549 1200 inaequalitas
572 1121 654 1201 ejus,
675 1124 744 1183 tum
759 1119 928 1184 diversitas
945 1121 1106 1201 signorum
1125 1121 1157 1184 in
1173 1121 1334 1188 codicibus

117 1203 277 1267 obviorum
292 1205 440 1268 ostendit.
477 1207 514 1269 In
529 1205 600 1269 aliis
616 1205 762 1269 nimirum
778 1203 1011 1286 manuscriptis,
1031 1210 1068 1269 ut
1083 1207 1115 1270 in
1131 1208 1198 1272 cod.
1213 1208 1249 1287 L,
1265 1207 1334 1272 loco

116 1289 218 1368 puncti
234 1291 337 1353 nostri
351 1290 522 1355 adhibetur
537 1291 661 1372 signum
677 1291 794 1368 crucis,
818 1290 903 1370 quod
917 1291 949 1355 in
965 1291 1035 1355 aliis
1051 1292 1190 1356 omnium
1205 1292 1334 1358 distinc-

117 1375 230 1437 tionum
247 1375 333 1439 vices
348 1381 449 1455 tenet,
469 1381 506 1440 ut
520 1377 553 1440 in
575 1378 642 1441 cod.
660 1377 813 1441 Vaticano
830 1377 937 1456 1067.;
959 1377 992 1440 in
1007 1376 1075 1441 cod.
1091 1377 1247 1442 Vaticano
1262 1379 1334 1443 351.

117 1459 331 1524 distinctiones
345 1460 412 1525 lere
427 1481 554 1542 semper
567 1481 626 1543 per
641 1463 703 1526 duo
719 1467 837 1541 puncta
852 1481 950 1542 supra
966 1480 1000 1526 se
1020 1461 1127 1542 posita
1146 1463 1334 1543 indicantur,

116 1546 143 1607 in
158 1546 222 1609 cod.
233 1545 414 1610 Basileensi
425 1547 452 1610 E
464 1553 617 1628 punctum
632 1548 772 1630 positum
786 1549 819 1611 in
834 1548 925 1627 apice
940 1548 1097 1628 superiori
1111 1548 1224 1613 literae
1238 1568 1335 1631 punc-

117 1635 177 1693 tum
191 1637 349 1711 nostrum,
366 1633 398 1696 in
412 1633 483 1697 basi
496 1633 609 1698 literae
624 1652 755 1712 comma,
776 1632 854 1698 etin
870 1633 973 1698 medio
990 1633 1160 1698 semicolon
1175 1635 1334 1716 designat;

119 1715 164 1778 alii
177 1716 319 1796 denique
339 1718 464 1784 codices
482 1724 613 1800 praeter
631 1724 784 1800 punctum
803 1724 836 1782 et
851 1724 1007 1784 commate
1029 1724 1170 1783 utuntur.
1216 1720 1285 1796 Quo
1303 1721 1335 1784 in

120 1802 234 1881 negotio
256 1801 376 1866 librarii
393 1810 449 1866 aut
464 1805 662 1885 grammatici
677 1803 773 1885 periti
788 1821 825 1867 ac
841 1804 943 1868 seduli
957 1804 989 1867 in
1012 1803 1090 1868 locis
1105 1803 1335 1870 difficilioribus

120 1885 240 1950 Petrum
258 1889 490 1953 commentariis
502 1889 604 1971 adjuti
618 1890 851 1954 essevidentur.
878 1890 940 1954 Per
952 1906 1031 1969 quos
1043 1895 1152 1953 autem
1163 1895 1196 1954 et
1207 1891 1334 1970 quando

121 1971 311 2037 haecomnia
327 1973 439 2038 effecta
454 1975 526 2054 sint,
543 1994 579 2040 eo
595 1975 698 2038 minus
714 1975 918 2039 determinari
933 1979 1054 2054 potest,
1073 1993 1111 2038 ac
1125 1975 1248 2038 nonnisi
1264 1994 1334 2039 suc-

125 2058 226 2121 cessive
254 2059 424 2124 evenerint.
474 2060 544 2124 Hoc
563 2060 664 2124 solum
684 2065 806 2124 certum
829 2066 892 2138 est,
918 2059 1045 2123 inventri
1071 2061 1335 2141 typographiam

129 2142 305 2207 editionibus
331 2145 369 2208 N.
395 2145 429 2208 T.
456 2144 741 2226 interpunctionem
771 2145 963 2208 ordinariam
990 2151 1022 2208 et
1056 2146 1237 2209 continuam
1264 2165 1335 2211 esse

129 2227 302 2306 adhibitam3
326 2231 488 2294 Manutius
503 2237 639 2311 uterque
654 2249 724 2295 eam
746 2231 875 2310 scriptis
895 2229 1098 2295 classicorum
1113 2231 1280 2312 applicuit,
1302 2237 1334 2296 et

126 2312 180 2376 dein
194 2313 361 2378 Robertus
377 2316 558 2396 Stephanus
572 2316 611 2380 N.
627 2317 661 2380 T.
677 2316 797 2380 libris.l

673 2538 700 2619 ξ.
723 2540 774 2604 37.

502 2675 550 2725 De
562 2675 646 2724 sacri
659 2678 767 2724 textus
782 2675 943 2725 divisione

430 2793 461 2858 b)
480 2807 538 2855 per
550 2798 780 2856 anagnosmata
794 2798 826 2844 et
837 2795 1017 2856 pericopas.

120 2943 123 2954 '
196 2948 473 3025 Quemadmodum
494 2947 610 3012 Judaei
630 2946 765 3013 sabbato
789 2951 821 3010 et
844 2946 956 3010 diebus
983 2945 1074 3011 lestis
1099 2947 1131 3010 in
1155 2947 1333 3028 synagogis,

121 3030 204 3098 itaet
219 3034 316 3114 primi
333 3032 505 3100 Christiani
519 3033 552 3097 in
567 3033 772 3099 conventibus
792 3032 858 3097 suis
875 3033 973 3096 sacris
995 3037 1116 3095 certam
1130 3032 1334 3111 pentateuchi

123 3123 148 3179 et
160 3119 391 3201 prophetarum
406 3125 531 3198 partem
545 3119 731 3200 praelegere
746 3119 899 3197 solebant,
916 3123 956 3198 et,
972 3136 1043 3181 cum
1059 3115 1097 3180 N.
1113 3117 1148 3180 T.
1163 3117 1236 3181 libri
1252 3116 1335 3180 sacri

123 3208 219 3268 essent
235 3204 315 3268 editi
331 3222 368 3267 ac
383 3205 513 3284 recepti,
530 3209 613 3270 teste
629 3223 653 3268 s.
665 3205 792 3269 Justino
806 3205 947 3284 Martyre
963 3202 1058 3284 (apol.
1072 3203 1095 3266 l.
1109 3221 1133 3266 c.
1147 3203 1221 3282 fil),
1238 3202 1334 3267 etiam

121 3286 224 3354 horum
245 3289 413 3354 lectionem
433 3290 660 3372 adjungebant,
689 3291 774 3372 quod
801 3289 946 3354 divisioni
972 3287 1156 3354 eorumdem
1181 3287 1334 3351 librorum

122 3375 311 3440 occasionem
322 3374 471 3456 praebuit
481 3376 523 3438 ad
534 3377 637 3441 instar
647 3376 727 3457 legis
740 3383 772 3440 et
783 3376 1020 3457 prophetarum,
1033 3373 1087 3454 qui
1098 3374 1185 3454 apud
1192 3372 1213 3436 J
1214 3373 1334 3437 udaeos

121 3456 147 3520 in
160 3461 332 3539 parasehot
348 3464 380 3524 et
394 3459 568 3540 haphtarot
585 3463 652 3544 Jam
668 3467 758 3526 erant
774 3462 874 3525 divisi.
920 3461 1083 3526 Sectiones
1096 3458 1171 3522 illae
1186 3457 1334 3522 diceban-

121 3549 167 3608 tur
181 3543 418 3631 ἅναγνιόσματα
433 3565 490 3610 seu
505 3542 706 3632 ἀναγνώσεις,
722 3547 883 3626 lectiones
899 3541 1107 3633 περικοπαί,2
1121 3543 1299 3624 pericopae.

197 3632 237 3694 In
258 3631 388 3700 ecclesia
408 3631 572 3716 Africana
594 3636 701 3697 aetate
723 3631 910 3696 Tertulliani
932 3630 1005 3709 (sub
1027 3627 1122 3693 finem
1142 3647 1223 3693 saec.
1238 3630 1280 3694 ΙΙ.
1302 3637 1335 3695 et

121 3712 202 3780 initio
221 3717 294 3799 ΙΠ.)
313 3715 484 3797 pericopae
502 3736 560 3797 pro
586 3723 766 3798 temporum
785 3717 941 3798 qualitate
963 3715 1063 3780 libere
1082 3713 1334 3796 sehgebantur;³

121 3809 166 3862 ast
179 3808 253 3881 post
267 3801 407 3866 medium
427 3821 509 3866 saec.
524 3803 577 3867 IV.
599 3801 730 3884 singulis
751 3802 863 3866 diebus
882 3799 1047 3866 dominicis
1062 3803 1098 3866 et
1117 3797 1208 3880 festis
1228 3807 1335 3866 certae

121 3882 265 3952 lectiones
281 3887 516 3968 evangehorum
532 3893 564 3953 et
579 3888 786 3969 epistolarum
802 3893 892 3952 erant
910 3885 1127 3966 assignatae,⁴
1150 3890 1183 3950 et
1201 3885 1234 3951 in
1249 3887 1334 3951 codi-

125 4040 318 4050 Ἢ..-

188 4142 194 4174 ¹
213 4139 266 4194 Cir.
279 4129 375 4207 Rogall
387 4139 420 4193 de
432 4142 590 4195 auctoritate
603 4147 630 4194 et
642 4140 798 4208 antiquitate
810 4138 1029 4208 interpunctionis
1041 4137 1074 4190 N.
1083 4137 1113 4190 T.
1126 4137 1244 4205 Regiom.
1258 4138 1333 4190 1734.
1391 4157 1394 4166 ’

121 4213 143 4256 et
153 4207 285 4264 Adalbert
296 4210 383 4262 Maier
393 4208 549 4278 Einleitung
560 4212 587 4262 in
600 4210 642 4262 die
655 4209 790 4262 Schriften
802 4209 849 4262 des
861 4209 894 4261 N.
907 4207 938 4260 T.
951 4223 976 4274 p.
989 4207 1047 4259 500.
1060 4222 1114 4274 seq.

179 4281 189 4310 ²
206 4276 287 4342 Quae
298 4278 439 4346 pericopae
450 4293 502 4330 non
519 4285 581 4332 sunt
597 4277 797 4331 confundendae
815 4293 875 4330 cum
891 4275 945 4328 illis
958 4273 1101 4328 Clementis
1112 4272 1205 4339 Alex„
1225 4273 1270 4342 qui
1285 4289 1334 4341 per

117 4355 157 4395 ess
168 4351 260 4401 certes
273 4362 294 4401 s.
308 4344 457 4413 scripturae
468 4344 540 4399 locos
552 4346 675 4414 designat
686 4373 720 4390 -τ
732 4349 819 4416 ῥῆσις,
833 4345 929 4407 τόπος,
938 4351 1052 4416 χωρίον.
1206 4409 1212 4420 ·
1327 4411 1333 4422 .

181 4417 192 4448 ³
207 4413 326 4469 Tertull.
339 4415 408 4482 apol.
421 4430 443 4467 c.
457 4415 510 4468 34:
524 4415 647 4480 „Coimus
659 4413 694 4467 sd
705 4414 854 4467 divinarum
866 4412 1005 4466 literarum
1017 4416 1299 4476 commemorationem,
1312 4427 1335 4464 s1

126 4480 183 4544 quid
200 4483 381 4550 praesentium
401 4488 550 4550 temporum
571 4484 685 4550 qualitas
706 4489 753 4536 aut
772 4495 944 4549 praemonere
966 4480 1048 4547 cogit,
1069 4483 1116 4556 aut
1136 4493 1333 4546 recognoscere.

98 4549 100 4554 '
129 4549 199 4603 Certe
211 4551 289 4605 fidem
302 4551 402 4604 sanctis
413 4553 521 4605 vocibus
534 4553 676 4619 pascimus,
690 4566 764 4618 spem
776 4550 909 4618 erigimus,
922 4548 1046 4601 fiduciam
1058 4546 1189 4614 figimus.“

189 4624 199 4654 ⁴
217 4619 243 4674 S.
261 4623 329 4688 Aug.
348 4617 431 4687 praef.
448 4621 476 4672 in
494 4621 514 4672 I.
533 4635 574 4687 ep.
592 4619 715 4674 Josnnis:
740 4618 879 4684 „Meminit
899 4617 1026 4671 sanctitas
1046 4622 1146 4680 vestra,
1168 4616 1334 4683 evangelium

1106 4701 1141 4756 4.
