3314 5166
762 373 842 398 --,
874 338 935 402 132
977 373 1045 383 ——

292 508 512 604 tur;·tandem
527 507 554 587 ξ.
573 507 620 572 12.
635 507 744 592 ῙσσιιισΥ
755 527 793 574 ex
808 509 944 590 epistola
958 509 1000 574 ad
1014 509 1171 590 Ephesios
1190 508 1278 574 effati
1292 527 1334 574 ss.
1349 508 1512 574 literarum

160 739 163 748 ,
291 611 416 742 nonu?
429 591 568 760 ῗῗθῖιξν,
593 697 617 743 s.
632 679 809 760 Polycarpo
830 684 981 760 coaevus,
1005 679 1174 760 episcopus
1198 661 1460 761 Hierapolitanos
1481 679 1511 744 in

292 763 432 861 Phrygia
454 702 652 862 efficubravit
672 783 752 846 opus
775 765 994 863 deperditum:
1024 765 1149 851 Λόγων
1171 769 1331 852 κυριακῶν
1356 765 1511 914 ἕξῨΙγησις,

292 867 382 930 cujus
393 848 552 914 Eusebius
563 849 713 915 nonnulla
723 851 815 916 nobis
826 856 966 916 servavit
979 849 1167 933 fragmenta,
1183 869 1266 931 quae
1277 869 1398 932 evange
1422 871 1512 916 orum

292 934 448 1033 Matthaei
470 940 502 1000 et
524 936 639 1017 Marci,
663 937 737 1002 dein
755 937 779 1000 I.
796 955 845 1018 ep.
861 937 950 1002 Petri
971 941 1004 1002 et
1024 937 1049 1000 Ι.
1072 956 1119 1019 ep.
1136 937 1269 1003 ioannis
1292 941 1513 1026 contestantur

290 1020 579 1182 notingham&
594 1106 804 1187 probabiliter
819 1106 918 1187 idem,
934 1108 1025 1188 quus
1040 1108 1129 1173 Rom.
1148 1108 1196 1187 16,
1215 1109 1263 1171 14.
1278 1106 1316 1172 fit
1330 1107 1465 1187 mentio,
1480 1108 1511 1172 in

290 1209 387 1272 opere
401 1191 510 1276 Horpr‘
548 1211 605 1257 seu
620 1191 737 1258 Pastor
750 1192 904 1273 inscripto
919 1197 1042 1259 tantam
1062 1192 1190 1258 exhibet
1207 1193 1354 1258 idearum
1369 1198 1403 1258 et
1416 1195 1512 1274 phra-

290 1277 373 1340 sium
388 1295 460 1341 cum
507 1329 513 1341 .
527 1277 561 1342 T.
576 1278 667 1342 libris
684 1277 945 1359 conformitatem,
962 1298 1046 1360 quae
1060 1279 1218 1358 ostendat,
1234 1298 1307 1343 eum
1321 1279 1416 1360 plura
1426 1279 1465 1344 N.
1477 1280 1511 1343 T.

290 1362 410 1443 scripta
429 1363 556 1429 novisse
575 1369 608 1428 et
627 1364 825 1445 adhibuisse3
852 1365 884 1429 in
904 1365 1011 1446 specie
1032 1384 1107 1430 vcro
1130 1365 1293 1447 evangelio
1314 1383 1338 1430 s.
1354 1365 1512 1430 Matthaei

288 1448 507 1514 testimonium
521 1449 658 1515 reddit¹

847 1586 876 1668 s.
900 1588 951 1652 eo.

610 1701 613 1708 '
668 1722 702 1788 a)
723 1721 891 1774 nataturo
903 1723 946 1773 11.
959 1722 1019 1774 111.
1032 1723 1064 1772 ee
1076 1721 1132 1773 rv.

372 1873 471 1940 Plura
491 1874 616 1940 omniuo
638 1875 804 1957 magisque
824 1876 911 1940 clara
930 1875 1412 1955 sunttestimoniaesacc.11.;
1439 1895 1513 1941 nam

289 1980 360 2025 cum
374 1961 527 2043 religione
543 1961 662 2026 Christi
683 1962 780 2027 etiam
799 1961 873 2026 libri
887 1961 989 2026 nostri
1011 1961 1109 2026 latius
1128 1961 1391 2042 propagabantur
1407 1966 1441 2026 et
1454 1982 1513 2044 per

288 2048 473 2128 apographa
495 2046 805 2128 multiplicabantur,
828 2049 896 2129 jam
918 2047 1145 2128 aquibusdam
1164 2047 1450 2128 impugnabantur,
1473 2049 1513 2113 ab

287 2133 359 2197 aliis
373 2152 449 2197 vero
465 2131 718 2198 defendebantur
732 2137 830 2213 atque
844 2134 876 2197 in
891 2132 971 2198 alias
984 2133 1110 2214 linguas
1125 2131 1409 2198 transferebantur.

372 2216 507 2283 Praeter
524 2219 701 2283 versionem
723 2237 784 2299 syr.
799 2219 964 2299 Pesohito,
987 2223 1117 2299 praeter
1138 2217 1352 2300 fragmentum
1374 2218 1515 2301 catalogi

288 2303 377 2367 Rom.
394 2310 427 2369 et
442 2303 605 2368 Justinum
619 2304 809 2385 Martyrem,
831 2310 961 2385 praeter
980 2304 1162 2385 Origenem,
1184 2304 1361 2369 Eusebium
1384 2309 1417 2369 et
1433 2304 1514 2370 Gre

286 2388 411 2469 gorium
436 2389 515 2456 Nan.
542 2396 575 2454 et
599 2389 739 2471 reliquos
761 2389 789 2470 ξ.
808 2391 858 2454 28.
881 2391 1077 2470 nominatos,
1103 2390 1223 2456 saeculi
1241 2389 1389 2456 11.-1v.
1410 2395 1514 2456 testes

286 2479 465 2540 memoratu
479 2475 641 2557 digniores
656 2481 747 2540 sunt:
1428 2487 1430 2492 '

374 2566 400 2624 1.
423 2561 583 2642 Irenaeoe,
598 2560 639 2625 ab
651 2580 734 2626 anno
750 2561 925 2627 177—202.
938 2560 1108 2642 episcopus
1119 2561 1341 2643 Lugdunensis
1352 2559 1385 2624 in
1397 2559 1513 2641 Gallia,

283 2643 317 2708 in
332 2664 428 2727 opere
443 2665 501 2712 suo
516 2647 587 2710 adv.
603 2665 712 2712 omnes
726 2647 876 2712 haereses
892 2652 1032 2728 quatuor
1044 2651 1171 2712 nostros
1183 2646 1396 2729 evangelistas
1412 2665 1512 2728 saepe

283 2731 409 2797 nomine
436 2733 555 2815 allegat
577 2731 662 2812 (adv.
677 2733 764 2798 haer.
779 2733 836 2797 IH.
855 2735 881 2798 l.
904 2738 936 2797 ct
959 2733 1035 2815 la),
1062 2752 1100 2797 ex
1120 2733 1169 2797 his
1191 2737 1281 2798 etex
1303 2732 1430 2797 actibus
1449 2733 1510 2813 Ap.

283 2817 445 2899 religionis
468 2819 661 2884 christianae
682 2818 834 2900 dogmata
855 2818 1043 2900 comprobat
1064 2817 1136 2898 (IH.
1158 2818 1231 2900 18.).
1283 2817 1510 2884 Gnosticorum

283 2921 408 2969 errores
422 2905 590 2987 impugnat
605 2924 622 2970 e
638 2923 662 2969 s.
678 2905 771 2970 Pauli
787 2905 947 2987 epistolia,
970 2923 1107 2986 quarum
1123 2923 1231 2970 omnes
1249 2908 1382 2986 excepta
1395 2903 1454 2968 illa
1468 2903 1511 2968 ad

282 2987 448 3056 Hebraeos
464 2992 553 3057 etad
568 2991 785 3057 Philemonem
799 2992 925 3056 nomine
940 2989 1035 3069 citat3
1051 2990 1203 3071 epistolas
1218 2989 1289 3054 illas
1304 2989 1462 3071 genuinas
1479 2997 1511 3054 et

281 3074 405 3140 divium
419 3077 564 3142 declarat
578 3095 752 3158 earumque
773 3081 997 3159 argumentum
1012 3075 1141 3158 exponit
1156 3075 1227 3156 (IH.
1244 3075 1262 3138 7
1265 3126 1272 3141 .
1290 3075 1338 3139 16.
1353 3075 1409 3139 IV.
1424 3075 1509 3157 27.);

280 3160 304 3223 Ι.
317 3160 415 3242 Petri,
430 3163 455 3226 1.
472 3166 505 3228 et
519 3164 559 3227 Π.
573 3162 594 3226 J
595 3163 705 3228 oannis
718 3163 887 3243 epistolam
900 3162 1060 3242 hujusque
1072 3160 1277 3243 apocalypsin
1288 3165 1322 3226 et
1336 3160 1510 3243 genuinam

278 3265 352 3396 {leeg
365 3251 520 3416 tristatur,
544 3253 577 3314 et
590 3267 611 3313 a
626 3247 816 3313 Christianis
832 3247 1040 3314 communiter
1054 3251 1237 3330 susceptam
1252 3245 1321 3327 (IV.
1337 3247 1366 3311 9.
1381 3246 1440 3312 III.
1460 3247 1509 3312 16.

364 3420 394 3484 2.
416 3419 635 3505 Athenagoras
652 3419 783 3499 Athen,
803 3419 931 3484 scholae
948 3417 1183 3484 Alexandrinae
1201 3416 1397 3500 praefectur,
1421 3419 1508 3483 circa

278 3521 327 3568 an.
345 3504 416 3570 177.
430 3503 506 3571 fatis
520 3504 659 3588 functus,
675 3503 806 3586 reliquit
819 3505 911 3570 nobis
927 3504 1117 3587 apologiam,
1132 3503 1184 3570 cui
1199 3503 1327 3568 titulus:
1348 3501 1508 3589 πρεςβεία

277 3588 355 3675 περὶ
374 3595 591 3677 Χριστιανῶν,
615 3596 648 3656 ct
669 3591 757 3656 aliud
772 3609 869 3673 opus:
895 3590 973 3678 περὶ
995 3588 1204 3668 ἀναστάσεως
1219 3592 1286 3655 τῶν
1299 3593 1425 3676 νεκρῶν.
1470 3588 1508 3652 In

277 3673 425 3755 apologia
440 3677 482 3740 ad
497 3677 641 3744 Marcum
655 3676 821 3742 Aurelium
832 3677 1028 3742 Antoninum
1043 3694 1159 3757 scopus
1174 3674 1290 3756 operia,
1305 3678 1420 3754 utpote
1436 3674 1506 3739 eth-

276 3759 356 3822 nicis
371 3759 536 3842 destinati,
552 3782 611 3828 nec
624 3763 827 3845 postulabat,
842 3763 906 3827 imo
921 3781 961 3826 ne
976 3761 1168 3827 admittebat
1183 3760 1313 3842 quidem
1327 3760 1415 3824 locos
1431 3779 1449 3824 e
1464 3759 1503 3823 N.

276 3844 311 3908 T.
327 3844 418 3908 libris
433 3846 562 3927 citatos,
585 3849 788 3913 nihilominus
803 3853 911 3913 tamen
931 3851 1044 3912 auctor
1058 3865 1155 3928 saepe
1177 3846 1361 3911 eorumdem
1376 3845 1503 3926 phrasi-

275 3928 337 3994 bus
362 3930 466 3994 utitur
491 3933 534 3996 ad
559 3934 700 4015 cogitata
725 3953 785 3999 sua
810 3933 1024 4014 exprimenda.
1068 3931 1105 3996 In
1131 3950 1228 4012 opere
1249 3937 1359 3997 autem
1381 3950 1440 3997 suo
1464 3931 1506 3995 de

275 4017 509 4082 resurrectione
524 4019 567 4083 ad
577 4019 823 4099 possibilitatem
834 4024 1033 4084 mortuorum
1048 4018 1291 4083 resurrectionis
1302 4017 1502 4098 probandam

274 4102 436 4185 integrum
451 4108 549 4184 caput
565 4104 613 4169 15.
629 4105 752 4185 primae
767 4106 809 4169 ad
821 4103 1002 4170 Corinthios
1018 4103 1173 4184 epistolae
1187 4103 1308 4185 allegat
1323 4107 1356 4167 et
1372 4104 1416 4167 ad
1429 4119 1504 4168 auc·

274 4189 441 4254 toritatem
455 4189 604 4271 Apostoli
620 4189 741 4255 diserte
755 4194 918 4272 provocat.

358 4276 387 4339 3.
415 4275 610 4360 lbeopbz'los,
627 4274 779 4340 ccclesiae
790 4275 1008 4340 Antiochenae
1019 4273 1154 4338 antistes
1167 4272 1222 4353 (ab
1235 4291 1284 4338 an.
1298 4271 1501 4353 italae),

272 4358 306 4424 in
321 4361 387 4425 suis
402 4360 507 4425 tribus
522 4362 564 4425 ad
575 4360 759 4427 Autolitum
774 4362 873 4441 libris,
890 4378 970 4442 quos
985 4359 1147 4441 religionis
1161 4359 1267 4424 christ.
1284 4357 1502 4424 defendendae

273 4461 372 4510 causa
391 4447 537 4529 scripsit,
562 4446 745 4522 Autohcum
772 4448 814 4514 ad
838 4447 938 4513 libros
959 4445 1212 4512 Christianorum
1234 4463 1344 4512 sacros
1366 4444 1501 4510 subinde

340 4634 349 4664 ¹
370 4632 424 4686 Gfr.
438 4632 510 4686 dicta
522 4631 555 4686 de
567 4631 659 4687 codice
672 4630 799 4686 Sinaitico
812 4633 834 4698 §-
847 4633 890 4686 53.
905 4632 954 4687 sub
967 4629 1055 4688 finem
