3364 5156
589 307 874 372 -185-

255 528 323 604 HL
357 527 594 624 Evangehum
612 530 733 602 Lucae
756 533 791 602 et
809 531 924 601 Actus
943 525 1207 622 Apostolorum.
1236 515 1241 521 ’

670 699 698 781 s.
719 700 789 766 125.
875 707 877 712 ’

485 834 533 887 De
545 836 686 888 auctoris
697 848 836 900 persona
848 838 880 887 et
891 836 969 890 vita.

204 989 412 1072 Evangehum
432 993 577 1056 nostrum
597 990 729 1056 tertium
751 995 783 1058 et
804 994 896 1055 actus
910 990 1136 1072 Apostolorum
1155 990 1247 1071 juxta
1267 1007 1340 1054 eon-

127 1080 259 1140 stantem
275 1075 427 1156 ecelesiae
442 1077 646 1160 traditionem
661 1080 823 1148 auctorem
838 1076 957 1142 habent
971 1078 1091 1141 Lucam
1111 1076 1261 1152 eundem,
1285 1075 1341 1155 qui

126 1160 190 1225 Act.
216 1161 339 1241 16,1o.
366 1180 453 1244 seqq.
477 1158 527 1241 20,
549 1162 578 1226 5.
606 1157 655 1242 rt,
680 1165 707 1226 2.
733 1167 835 1227 semet
862 1162 932 1243 ipse
962 1162 1048 1226 sistit
1077 1163 1222 1227 comitem
1248 1159 1340 1224 Pauli

125 1246 280 1327 Apostoli,
304 1247 423 1328 quique
445 1247 478 1311 in
499 1247 641 1328 epistolis
661 1249 702 1312 ad
724 1247 834 1327 (1114,
850 1248 914 1328 14,
938 1247 1068 1313 Philem.
1083 1267 1112 1312 v.
1128 1248 1177 1311 24.
1203 1247 1243 1310 II.
1260 1245 1338 1309 Tim.

123 1331 149 1410 4,
173 1333 220 1396 11.
244 1339 518 1399 commemoratur.
562 1333 645 1397 Eum
670 1333 769 1398 fuisse
790 1340 886 1415 gente
907 1333 1155 1413 Antiochorum,
1180 1331 1339 1396 Eusebius

121 1417 250 1497 tradit,1
273 1424 344 1484 arte
359 1419 516 1484 medicum
531 1437 556 1483 s.
571 1418 691 1484 Paulus
706 1420 799 1484 docet
816 1418 880 1484 Col.
895 1419 926 1499 4,
944 1419 1006 1499 14,
1030 1420 1116 1501 quod
1136 1417 1256 1499 scripta
1271 1417 1340 1498 ejus

122 1501 312 1568 confirmant.
356 1504 472 1588 Utrum
487 1509 600 1569 auctor
614 1509 723 1570 noster
737 1505 758 1569 J
759 1505 892 1583 udaeus,
908 1523 949 1573 au
964 1505 1109 1570 ethnicus
1123 1503 1220 1570 fuerit
1234 1507 1338 1582 natus,

122 1588 315 1669 disputatur;
337 1609 412 1656 uero
428 1595 535 1655 tamen
550 1589 710 1656 simillima
725 1595 775 1656 est
790 1591 956 1670 sententia,
973 1609 1045 1656 eum
1061 1590 1195 1657 ethnicis
1210 1589 1339 1671 quidem

119 1674 300 1753 parentibus
324 1679 452 1755 natum,
478 1679 604 1740 mature
625 1695 717 1756 vere,
744 1680 916 1758 antequam
941 1675 1102 1741 Christum
1123 1673 1338 1756 profiteretur,

118 1758 282 1908 judaicaml
295 1760 481 1842 religionem
507 1777 578 1826 esse
603 1761 791 1850 amplexum.
834 1761 923 1827 Haec
948 1761 1106 1827 sententia
1132 1759 1339 1841 sequentibus

121 1861 258 1910 commen
283 1849 372 1911 atur:

198 1931 225 1994 1.
248 1931 410 1998 Accurata
424 1932 658 2012 institutorum,
681 1933 801 1996 rituum
815 1929 850 1997 'et
864 1950 976 1996 rerum·
983 1930 1185 2013 judaicarum
1200 1929 1338 2011 cognitio

119 2015 218 2094 prodit
240 2016 346 2081 virum
368 2036 388 2083 a
410 2018 553 2100 longiore
572 2019 639 2100 jam
661 2021 805 2099 tempore
826 2017 970 2099 religioni
989 2017 1138 2099 Judaieae
1159 2015 1337 2094 initiatum3

119 2100 248 2182 cognitio
270 2107 380 2168 autem
402 2123 465 2168 non
487 2104 656 2170 mediocris
677 2104 805 2185 linguae
826 2103 965 2184 purioris
981 2107 1014 2168 et
1029 2101 1189 2168 scribendi
1204 2101 1337 2165 rationis

119 2204 246 2265 graecae
260 2188 350 2252 haud
365 2189 501 2255 obscure
515 2189 698 2275 maniiestat
713 2189 882 2268 ethnicum,
901 2189 1016 2254 'literas
1031 2206 1164 2272 graecas
1180 2188 1336 2253 edoctum.

196 2273 224 2336 2.
247 2273 319 2338 Act.
333 2274 510 2356 212128.
525 2275 669 2357 legimus,
686 2274 828 2341 ludaeos
842 2273 979 2340 Asianos
995 2275 1151 2340 excitasse
1166 2271 1338 2338 tumultum

119 2361 223 2422 contra
233 2358 371 2424 Paulum
382 2360 504 2440 Apost,
515 2362 607 2444 ¹quod
620 2357 764 2426 homines
778 2361 920 2427 ethnicos
935 2359 967 2425 in
982 2360 1136 2441 templum
1149 2359 1336 2438 induxisset,

119 2447 192 2507 etv.
212 2444 262 2509 29.
282 2445 508 2510 illustrationis
530 2465 628 2513 eausa
650 2443 795 2512 additur:
824 2447 1004 2528 „Viderunt
1030 2447 1110 2509 caim
1137 2445 1337 2529 Trophr'ruum

119 2526 283 2610 Ephesium
300 2532 474 2614 r'rt'cr'rrc'tote
485 2553 554 2596 com
568 2535 646 2618 epac,
663 2555 751 2620 quem
767 2557 787 2596 a
798 2531 902 2596 Paulo
917 2531 1112 2616 air'templcm
1128 2530 1337 2594 obtrectantem

119 2633 176 2674 erse
190 2616 488 2700 mistriaovmuntf‘
501 2619 609 2685 Lucae
624 2623 745 2700 autem,
762 2614 818 2700 qui
833 2617 930 2684 etiam
945 2637 1017 2683 cum
1031 2617 1133 2682 Paulo
1149 2620 1232 2696 erat,
1250 2613 1337 2681 nulla

117 2694 149 2760 fit
169 2700 302 2782 mentio,
325 2703 598 2769 adnumerabatur
618 2704 729 2785 itaque
744 2705 765 2769 J
766 2705 886 2769 udaeis.
930 2704 968 2768 In
983 2722 1031 2785 ep.
1047 2704 1089 2768 ad
1105 2701 1225 2767 Coloss.
1239 2701 1269 2782 4,
1287 2702 1336 2765 10.

120 2779 247 2865 Paulus,
269 2805 343 2852 cum
358 2788 483 2854 nomine
497 2789 692 2869 Aristarchi,
716 2790 816 2854 Marci
832 2794 865 2854 et
879 2789 901 2854 J
902 2807 959 2854 esu
974 2787 1158 2871 cognomine
1174 2787 1261 2852 lusti
1275 2785 1337 2852 lec-

118 2871 198 2934 tores
213 2871 398 2954 salutasset,
414 2875 519 2939 addit:
538 2876 627 2956 „Qut”
637 2889 710 2950 auct
724 2899 762 2937 cm
777 2871 1010 2938 circumcisione
1014 2898 1026 2954 ,·
1040 2875 1077 2935 hc'
1088 2873 1152 2936 soli
1161 2886 1233 2934 sumt
1248 2872 1337 2954 aalys

117 2964 190 3016 tores
205 2958 268 3020 mei
286 2958 322 3020 eit
336 2982 429 3044 repro
443 2959 525 3041 Dei,
573 2963 610 3023 ui
629 2961 710 3022 mitt
722 2957 862 3045 fueruat
882 2957 1031 3038 solattb,“
1057 2962 1132 3024 etv.
1149 2957 1198 3020 14.
1213 2956 1335 3038 pergit:

115 3037 254 3114 ,dolatur
275 3065 329 3107 vos
350 3045 474 3125 Lucos,
497 2984 634 3109 medicus
657 3045 802 3126 detectus,
827 3059 855 3108 et
872 3042 1023 3108 Demasf‘
1067 3043 1147 3109 Cum
1160 3042 1335 3124 Apostolus

116 3122 228 3221 Lucam
243 3133 276 3193 et
291 3129 435 3210 Demam,
452 3130 508 3212 qui
522 3150 635 3197 revera
647 3132 719 3214 ‚ejus
734 3130 863 3196 fuerunt
878 3130 1051 3212 adjutores
1067 3148 1086 3194 a
1102 3127 1235 3194 ludaeis
1251 3127 1335 3192 natis

116 3208 303 3360 hslplinguat:
330 3216 449 3281 Lucam
472 3218 660 3298 parentibus
683 3216 817 3283 ethnicis
836 3215 936 3282 fuisse
955 3220 1081 3296 natum,
1105 3215 1193 3281 haud
1215 3218 1336 3280 temere

120 3310 151 3358 co
176 3297 280 3378 gitur.

192 3383 314 3450 Lucam
328 3383 427 3452 fuisse
443 3405 460 3452 e
477 3387 517 3452 70
533 3387 761 3469 discipulorum
781 3406 929 3467 numero,
952 3386 1054 3452 tradit
1075 3384 1204 3467 quidem
1219 3403 1243 3450 s.
1258 3384 1334 3465 Epi-

117 3463 247 3543 phanius
259 3489 332 3535 cum
343 3471 415 3536 aliis
427 3473 672 3552 recentioribus;
687 3474 750 3538 imo
762 3472 1018 3554 Theophylactus
1030 3473 1072 3536 ad
1081 3471 1216 3551 Luc24,
1228 3471 1275 3534 13.
1285 3470 1334 3535 18.

116 3552 307 3635 suspicatur,
332 3575 404 3638 eum
426 3556 525 3638 fuisse
545 3578 643 3624 unum
659 3578 677 3624 e
692 3558 817 3624 duobus
840 3558 1020 3640 discipuES,
1043 3556 1160 3638 quibus
1183 3555 1334 3638 oppidum

116 3631 260 3705 Emmaus
275 3641 460 3724 petentibus
477 3643 623 3724 Christus
637 3643 709 3728 ipso
730 3639 974 3710 resurrectionis
994 3643 1046 3708 die
1061 3641 1227 3724 apparuit3
1250 3645 1333 3707 atta-

116 3735 182 3784 men
195 3723 227 3787 in
239 3727 396 3809 evangelii
410 3730 554 3812 proemio
568 3730 638 3814 ipse
649 3731 754 3795 Lucas
768 3748 789 3795 a
802 3726 941 3796 testibus
952 3727 1088 3794 oculatis
1103 3732 1205 3794 semet
1217 3728 1333 3794 eximit.

115 3800 322 3905 Probabiliter
337 3831 357 3878 a
372 3813 512 3880 s.'Paulo
528 3815 716 3881 Antiochiae
731 3815 773 3880 ad
790 3811 952 3880 Christum
968 3819 1038 3879 erat
1054 3812 1335 3894 conversus,'unde

114 3895 225 3958 arctior
239 3897 308 3978 ejus
323 3917 423 3963 nexus
435 3918 507 3964 eum
518 3901 672 3984 Apostolo
687 3901 761 3986 inde
776 3901 948 3966 aseeunda
963 3898 1058 3981 hujus
1068 3899 1220 3965 missione
1236 3899 1333 3981 exph·
1357 3913 1360 3923 ·

115 3978 206 4072 catur.
239 3980 331 4060 ⁴Cum
353 3984 502 4068 nimirum
517 3986 637 4068 Paulus
658 3987 691 4050 in
711 3981 985 4072 seeundoitinere
1007 3985 1065 4050 suo
1087 4004 1146 4067 per
1161 3985 1286 4066 Syriam
1301 3991 1334 4050 et

116 4055 208 4161 {israe
218 4066 349 4132 minoris
364 4071 544 4150 provincias
560 4091 631 4137 cum
644 4071 710 4138 Sila
722 4076 754 4137 et
766 4071 933 4156 Timotheo
948 4071 1088 4137 venisset
1100 4071 1267 4150 Troadem,
1284 4071 1334 4136 hic

114 4153 225 4238 lnvenrt
238 4151 358 4219 Lucam
374 4159 407 4219 et
422 4174 495 4221 eum
509 4157 662 4222 assumsit
681 4175 741 4239 per
756 4157 996 4223 Samothracem
1018 4162 1050 4222 et
1064 4156 1243 4238 Nicopohm
1258 4157 1333 4230 Phi·

93 4224 210 4310 'hppos
235 4237 438 4317 proficiscens
463 4239 548 4322 (Act.
574 4245 622 4324 16,
649 4245 697 4308 10.
721 4243 811 4326 seq).
835 4238 839 4244 '
859 4239 1024 4326 Phihppis'
1042 4244 1145 4308 Lucas
1170 4243 1331 4323 remansit,

116 4310 185 4380 dum
209 4319 327 4390 Paulus
353 4344 425 4391 eum
451 4325 518 4392 Sila
544 4333 577 4394 et
598 4328 765 4394 Timotheo
791 4329 895 4394 abiret
917 4327 1174 4395 Thessalonicam
1197 4328 1272 4406 etej,
1300 4333 1332 4392 et

116 4395 233 4470 demum
246 4415 320 4489 post
334 4429 434 4492 annos
449 4411 576 4480 circiter
591 4419 730 4495 quatuor
744 4414 844 4480 Paulo
859 4414 892 4480 in
916 4414 1013 4481 tertio
1027 4414 1142 4478 itinere
1157 4431 1195 4478 ex
1209 4413 1332 4498 Aehaja

119 4516 310 4536 Ἢ-

176 4588 186 4620 ¹
201 4585 299 4648 Euseb.
311 4593 338 4648 ln
351 4593 473 4653 11114.
500 4599 615 4662 Λουκᾶς
627 4575 659 4654 dt
671 4595 798 4671 τὸγένος
811 4595 851 4656 ὧν
864 4598 921 4656 τῶν
931 4595 978 4654 ἀπ’
991 4593 1167 4670 Ἀντιοχείας·
